1925 3451
160 173 241 211 688
702 168 987 231 Regz’slrum
1025 166 1273 213 Hamom's
1540 165 1660 229 [A.D.
1688 181 1809 225 1342

161 303 280 357 apud
303 301 743 343 westmonasterium
765 300 859 354 xxj.
881 299 951 340 die
975 298 1181 340 Octobris
1202 312 1319 340 anno
1341 298 1467 352 regni
1489 298 1625 339 nostri
1649 298 1814 353 Anglie

161 371 477 419 sextodecimo,
500 369 624 424 regni
645 383 750 411 vero
773 368 907 409 nostri
931 367 1116 408 Francie
1138 367 1289 408 tercio.
1352 368 1434 408 Ro.
1457 366 1541 408 cxl.

627 600 779 640 Breve
799 599 986 654 regium
1008 603 1154 650 super
1175 605 1350 640 mutue.

163 672 246 702 Nov.
272 672 319 701 16.

257 725 372 769 [Writ
391 726 600 767 requesting
618 723 680 756 the
699 724 778 756 loan
808 722 850 755 of
872 722 978 766 Amo
998 733 1044 755 on
1064 721 1126 755 the
1144 721 1301 764 security
1320 720 1362 754 of
1384 721 1445 754 the
1471 724 1560 754 next
1584 724 1757 765 payment
1776 719 1818 753 of

161 797 180 818 a
199 785 303 817 tenth
323 783 478 816 towards
496 783 557 815 the
577 792 753 824 expenses
771 780 812 814 of
826 780 889 813 the
909 780 1119 824 expedition
1138 784 1177 813 to
1196 779 1388 824 Brittany.]

276 852 519 893 Edwardus
567 850 638 890 dei
685 849 835 905 gracia
876 864 957 889 rex
999 848 1166 903 Anglie
1206 860 1250 889 et
1294 848 1478 889 Francie
1523 858 1567 889 et
1611 846 1816 889 dominus

162 921 372 962 Hibernie
402 919 638 961 venerabili
659 919 703 959 in
725 917 907 959 Christo
936 918 1051 972 patri
1076 951 1084 959 .
1108 950 1116 958 .
1140 918 1294 958 eadem
1321 917 1469 971 gracia
1495 917 1695 958 Roffensi
1724 915 1816 970 epi-

161 1004 313 1045 scopo,
331 989 525 1030 salutem.
574 988 690 1039 Quia
710 1001 793 1042 pro
814 987 1072 1028 defensione
1095 986 1221 1041 regni
1244 986 1379 1027 nostri
1401 985 1569 1041 Anglie
1590 996 1635 1027 et
1650 985 1815 1040 jurium

162 1070 413 1101 nostrorum
446 1057 787 1111 recuperacione
815 1058 905 1110 jam
938 1055 980 1095 in
1011 1056 1214 1110 partibus
1242 1054 1550 1109 amplicuimus
1579 1054 1818 1103 Britannie‚

160 1139 204 1169 et
226 1130 397 1170 favente
418 1127 602 1168 domino
624 1126 763 1167 felicis
779 1125 1086 1179 expedicionis
1104 1125 1232 1166 nobis
1247 1124 1410 1165 arridet
1428 1139 1530 1178 spes
1547 1125 1817 1179 propinqua,

163 1208 206 1239 et
227 1197 345 1238 solus
368 1197 496 1237 nobis
524 1206 725 1249 superest
754 1194 942 1249 pecunie
965 1194 1058 1248 jam
1087 1194 1310 1244 defectus;
1341 1193 1573 1247 specialius
1595 1207 1684 1247 quo
1712 1207 1815 1247 pos-

159 1267 294 1308 simus
315 1280 397 1308 vos
418 1279 627 1320 rogamus
649 1264 857 1318 quatinus
878 1274 1053 1304 centum
1080 1263 1214 1303 libras
1243 1263 1368 1304 nobis
1398 1262 1440 1303 in
1470 1263 1816 1304 subvencionem

158 1350 455 1390 expensarum
474 1334 599 1375 nobis
616 1334 659 1373 in
675 1332 871 1387 presenti
887 1346 1128 1386 progressu
1147 1342 1299 1373 nostro
1316 1331 1596 1372 iminencium
1614 1341 1816 1372 mutuare

158 1405 312 1456 velitis,
336 1417 445 1459 quas
466 1404 520 1443 de
548 1402 704 1458 primis
731 1402 921 1442 denariis
950 1400 1146 1442 levandis
1174 1401 1229 1441 de
1258 1401 1428 1441 decima
1454 1399 1599 1440 annali
1628 1414 1709 1454 per
1736 1414 1816 1441 vos

157 1485 200 1515 et
232 1474 340 1514 alios
370 1472 564 1527 prelatos
598 1471 823 1525 provincie
858 1469 1199 1520 Cantuariensis,
1233 1470 1366 1511 vestri
1402 1469 1554 1524 gracia
1589 1479 1817 1524 gratanter

159 1556 378 1593 concessa,
410 1540 613 1583 volumus
645 1538 919 1594 integraliter
948 1539 1076 1580 vobis
1111 1537 1236 1589 solvi,
1267 1538 1378 1579 sicut
1413 1538 1598 1579 dilectus
1634 1538 1815 1579 clericus

160 1623 318 1663 noster,
351 1611 614 1651 Edmundus
646 1609 700 1649 de
732 1608 993 1662 Gremesby,
1024 1607 1137 1648 lator
1168 1608 1458 1662 presencium,
1487 1621 1618 1661 quem
1650 1607 1707 1647 ad
1736 1621 1816 1649 vos

159 1681 371 1722 mittimus
392 1695 450 1721 ex
473 1680 553 1719 hac
575 1693 718 1728 causa,
739 1677 866 1719 vobis
888 1677 1089 1718 ostendet
1112 1676 1287 1731 plenius
1307 1676 1409 1718 viva
1429 1689 1563 1726 voce;
1594 1675 1664 1716 cui
1684 1690 1817 1730 super

159 1752 244 1792 hoc
269 1750 464 1799 credere,
486 1759 529 1788 et
558 1747 708 1802 petitis
736 1761 816 1800 per
844 1761 946 1786 eum
974 1746 1017 1786 in
1045 1746 1128 1787 hac
1155 1756 1281 1800 parte
1309 1745 1462 1796 velitis,
1484 1746 1689 1800 petimus,
1711 1760 1815 1787 con-

159 1819 425 1861 descendere
446 1817 661 1871 graciose,
682 1826 725 1856 et
747 1815 875 1856 nobis
896 1816 985 1856 cito
1006 1829 1142 1868 super
1162 1815 1247 1856 hoc
1269 1814 1492 1855 remittere
1512 1825 1659 1856 vestra
1683 1815 1814 1854 bene-

160 1888 322 1944 placita
357 1901 438 1940 per
473 1886 674 1926 eundem.
737 1885 875 1925 Teste
909 1884 1134 1925 Edwardo
1167 1884 1278 1924 duce
1315 1883 1539 1925 Cornubie
1575 1893 1619 1924 et
1656 1882 1818 1924 comite

160 1956 343 2007 Cestrie,
372 1955 464 1995 filio
496 1964 648 1995 nostro
675 1953 910 2002 carissimo,
940 1953 1121 1994 custode
1150 1952 1332 2007 Anglie,
1360 1952 1482 2006 apud
1511 1953 1818 2007 Kenyngton'.

159 2026 247 2081 xvj.
276 2025 348 2065 die
377 2022 653 2073 Novembris,
681 2036 797 2062 anno
828 2021 955 2076 regni
985 2020 1123 2062 nostri
1152 2020 1319 2075 Anglie
1346 2021 1663 2072 sextodecimo,
1688 2021 1816 2075 regni

159 2109 266 2137 vero
288 2092 424 2135 nostri
447 2091 629 2133 Francie
652 2091 800 2131 tercio.

163 2269 236 2310 [Fo.
260 2279 320 2307 199
331 2267 380 2307 b.]

638 2319 802 2360 Lz‘lercz
823 2318 984 2373 regine
1003 2321 1148 2369 snper
1170 2317 1337 2357 eodem.

164 2392 249 2423 Nov.
272 2401 283 2420 1
315 2415 321 2422 .

257 2400 404 2490 [LSetter
421 2444 514 2477 from
535 2454 653 2488 queen
674 2443 836 2486 Philippa
854 2448 892 2475 to
911 2441 975 2475 the
993 2452 1089 2474 same
1109 2439 1247 2484 effect]

278 2515 353 2554 Au
375 2523 575 2555 reverent
598 2512 717 2566 piere
740 2526 794 2552 en
818 2511 918 2551 dieu
949 2520 992 2550 et
1023 2519 1171 2550 nostre
1201 2508 1305 2549 cher
1332 2507 1421 2549 ami
1445 2541 1452 2549 .
1478 2542 1485 2549 .
1509 2522 1591 2562 par
1612 2507 1655 2549 la
1684 2522 1817 2563 grace

162 2585 217 2624 de
237 2584 339 2623 dieu
360 2597 550 2635 evesque
571 2582 627 2621 de
648 2582 904 2630 Roucestre‚
928 2578 1134 2632 Philippe
1156 2592 1238 2631 par
1258 2577 1299 2618 la
1329 2577 1508 2617 meisme
1536 2591 1667 2632 grace
1695 2577 1815 2617 reine

165 2652 470 2707 Dengleterre‚
506 2651 635 2690 dame
676 2648 932 2699 Dirlaunde,
967 2658 1010 2688 et
1050 2646 1263 2688 (luchcsse
1300 2646 1579 2700 Daquitaine,
1616 2645 1732 2686 saluz
1773 2655 1817 2686 et

163 2722 315 2762 cheres
335 2720 546 2760 amisteeZ.
579 2718 719 2759 Come
742 2728 889 2758 nostre
912 2716 1106 2757 trescher
1127 2715 1309 2769 seignur
1330 2715 1371 2755 16
1393 2729 1474 2769 roy
1495 2715 1581 2756 soit
1597 2714 1643 2769 ja
1664 2728 1816 2768 passez

164 2791 205 2831 la
227 2790 351 2839 mier,
371 2798 415 2830 et
436 2788 601 2829 arrivez
623 2788 666 2827 in
690 2786 893 2827 Bretaine
914 2785 972 2826 od
994 2794 1090 2825 tout
1119 2798 1200 2825 son
1229 2785 1361 2825 houst
1389 2798 1445 2824 en
1467 2793 1655 2833 sauvete,
1678 2783 1816 2823 dieux

164 2874 217 2899 en
240 2859 322 2898 soit
344 2857 528 2911 graciez,
549 2867 591 2897 et
613 2855 870 2897 chivalchait
892 2868 967 2895 sur
988 2852 1165 2906 lesploit
1190 2853 1246 2893 de
1274 2867 1321 2894 sa
1349 2867 1508 2907 guerre
1537 2852 1816 2902 leandroites,

165 2926 382 2967 aussibien
405 2940 490 2979 pur
511 2939 591 2966 son
614 2923 732 2966 droit
752 2937 996 2976 conquerre
1017 2935 1143 2962 come
1172 2936 1258 2975 pur
1286 2921 1326 2961 la
1352 2921 1535 2962 caucion
1566 2931 1608 2961 et
1636 2921 1815 2961 defense

166 2997 220 3036 de
242 2995 422 3035 meisme
443 3010 492 3035 ce
520 2994 697 3043 realme,
719 2992 753 3032 si
783 3006 869 3046 que
898 2991 987 3032 ales
1014 2991 1150 3031 bones
1180 2989 1376 3031 novelles
1404 3004 1491 3043 que
1521 3004 1633 3030 nous
1661 3003 1816 3031 avoms

165 3065 220 3104 (le
255 3064 328 3112 lui,
360 3063 414 3113 la,
448 3063 549 3102 dicu
583 3062 728 3111 merci,
759 3075 827 3101 ses
860 3059 1099 3114 busoignes
1133 3072 1179 3099 se
1214 3058 1382 3099 taillent
1418 3058 1629 3112 illoeques
1663 3072 1744 3111 par
1778 3058 1814 3098 si

165 3132 368 3185 gracious
403 3141 744 3181 comencement,
774 3144 859 3183 que
896 3142 1005 3170 nous
1041 3141 1268 3181 esperoms
1301 3128 1387 3168 den
1422 3127 1546 3169 avoir
1578 3127 1814 3168 melloures
