1925 3451
72 185 167 217 A.D.
194 167 338 231 1342]
648 168 877 230 Episcopi
908 167 1147 229 Roſj‘eusz‘s
1646 173 1722 219 691

187 301 385 341 Salutem
408 315 507 341 cum
533 301 845 341 benediccione
874 300 1070 341 altissimi
1101 311 1143 340 et
1168 299 1326 342 votivis
1353 300 1581 340 affectibus
1608 314 1726 341 com-

72 369 282 423 placendi.
346 369 560 410 Mittimus
604 369 862 411 discrecioni
908 379 1063 419 vestre,
1105 369 1230 409 nobis
1270 368 1512 417 karissime,
1555 379 1726 409 nostras

69 438 218 479 literas
251 438 525 491 responsales
560 438 740 478 domine
782 448 930 478 nostre
972 438 1124 492 regine
1156 437 1325 492 Anglie
1358 452 1493 492 super
1526 437 1666 491 petito
1701 451 1726 477 a

70 507 196 548 nobis
222 517 375 547 mutuo
403 507 459 547 de
489 521 581 560 quo
608 507 758 557 nostis,
779 507 977 556 directas,
1001 507 1084 561 ipsi
1113 507 1292 547 domine
1318 508 1470 560 regine
1492 520 1571 561 per
1591 520 1670 548 vos
1691 506 1726 546 si

69 576 202 616 libeat
224 576 528 630 porrigendas,
552 591 741 630 quarum
763 576 901 617 eciam
922 576 1097 630 copiam
1119 575 1246 617 vobis
1267 575 1598 616 transmittimus
1626 590 1726 616 cum

70 645 233 685 eisdem
255 656 303 685 ut
325 659 406 698 per
426 659 523 685 eam
549 645 779 686 informari
806 645 983 698 possitis
1010 659 1145 698 super
1172 644 1537 686 excusacionibus
1567 644 1726 685 nostris

70 713 175 754 inibi
197 713 539 768 comprehensis,
557 728 638 767 per
659 724 846 755 vestram
864 714 1150 768 prudenciam
1173 723 1216 754 et
1237 713 1334 755 vive
1355 713 1475 754 vocis
1496 713 1726 753 oraculum

70 793 158 823 tam
195 783 278 837 ipsi
313 783 490 823 domine
527 783 682 837 regine
718 797 851 836 quam
887 796 1035 823 coram
1071 782 1254 823 domino
1284 783 1395 823 duce
1426 781 1652 822 Cornubie
1683 792 1727 822 et

71 851 326 893 cancellario
354 851 522 906 Anglie
543 851 674 905 juxta
701 866 879 892 suarum
910 851 1187 906 exigenciam
1216 850 1440 891 literarum
1471 850 1645 904 plenius
1676 864 1727 890 ac

69 920 311 975 graciosius
351 919 645 974 exponendis,
682 931 871 961 vestram
911 920 1205 960 direccionem
1245 919 1538 974 gratissimam
1579 919 1726 960 votive

67 999 276 1043 rogantes
298 989 505 1042 quatinus
527 989 571 1029 in
595 989 676 1029 hiis
697 1000 740 1030 et
762 989 855 1029 aliis
879 1002 957 1029 nos
979 988 1355 1039 concernentibus,
1372 988 1483 1028 sicut
1505 988 1725 1038 hactenus,

66 1057 165 1098 licet
186 1058 352 1111 absque
373 1057 552 1107 meritis,
569 1058 729 1098 sentire
750 1057 970 1111 possimus
991 1057 1121 1098 vestri
1144 1057 1305 1098 laboris
1326 1071 1508 1110 operam
1531 1057 1725 1097 fructuo-

66 1140 170 1168 sam.
228 1126 382 1167 Valeat
424 1127 466 1166 in
499 1126 678 1167 Christo
711 1137 856 1168 vestra
892 1125 1088 1166 amicicia
1129 1141 1227 1166 cum
1269 1125 1451 1166 honoris
1492 1135 1535 1166 et
1576 1125 1726 1180 gracie

68 1195 355 1238 incrementis.
421 1197 586 1236 Datum
611 1197 733 1249 apud
757 1196 967 1250 Hallyng'
989 1194 1131 1249 xxiiij.
1154 1195 1225 1235 die
1247 1195 1409 1236 mensis
1432 1194 1705 1236 Novembris.

270 1451 310 1492 C
308 1452 660 1502 ertfficaz‘om'mn
681 1455 825 1503 snper
845 1451 1185 1502 anlz'cz'pacz'one
1205 1450 1520 1490 terminorum

700 1521 871 1560 decime
887 1520 1086 1560 annalis.

69 1589 153 1619 Nov.
176 1590 226 1620 28.

161 1644 222 1689 [In
242 1644 340 1688 reply
359 1649 398 1677 to
418 1656 437 1678 a
455 1644 537 1677 writ
557 1644 769 1688 requesting
788 1643 842 1676 his
860 1647 1014 1676 consent
1033 1647 1071 1676 to
1090 1643 1151 1676 the
1170 1643 1385 1684 shortening
1408 1642 1448 1675 of
1468 1642 1530 1675 the
1554 1646 1667 1675 terms
1685 1641 1727 1675 of

68 1708 239 1747 payment
264 1703 306 1735 of
328 1703 390 1735 the
415 1703 482 1736 last
506 1702 659 1744 granted
683 1702 827 1735 clerical
851 1702 969 1745 tenth,
988 1706 1027 1734 to
1049 1701 1164 1734 which
1189 1701 1252 1734 the
1279 1700 1498 1744 archbishop
1524 1700 1594 1733 and
1618 1699 1726 1733 other

67 1761 211 1804 bishops
232 1762 265 1794 in
288 1761 432 1794 council
456 1767 493 1794 at
514 1761 774 1794 VVestminster
797 1760 887 1793 have
913 1760 1165 1803 provisionally
1183 1759 1328 1801 agreed,
1348 1759 1418 1792 and
1441 1759 1565 1800 asking
1588 1758 1663 1791 him
1686 1764 1724 1791 to

68 1820 191 1853 obtain
212 1819 276 1852 the
300 1823 452 1852 consent
475 1819 516 1852 of
537 1819 600 1852 the
625 1819 746 1861 clergy
766 1819 800 1851 in
827 1817 880 1850 his
904 1818 1071 1859 diocese;
1101 1818 1161 1850 the
1188 1817 1316 1860 bishop
1343 1827 1469 1859 agrees
1495 1816 1552 1849 for
1578 1816 1728 1849 himself

67 1883 106 1911 to
134 1878 195 1911 the
221 1878 402 1922 proposed
428 1882 554 1921 terms,
574 1878 640 1911 viz.
662 1877 864 1909 Christmas
886 1876 956 1909 and
975 1875 1229 1909 XVhitsuntide
1255 1879 1352 1918 next,
1376 1875 1441 1908 but
1467 1886 1545 1918 says
1572 1875 1651 1908 that
1678 1875 1722 1908 he

68 1941 202 1970 cannot
221 1936 345 1969 obtain
364 1936 424 1969 the
444 1940 598 1969 consent
615 1934 657 1968 of
671 1935 724 1968 his
742 1933 893 1978 clergy.]

184 2004 566 2046 Excellentissimo
599 2003 792 2058 principi
821 2013 863 2044 et
891 2003 1072 2045 domino
1104 2014 1268 2053 nostro,
1290 2003 1473 2044 domino
1502 2003 1724 2044 Edwardo

67 2073 137 2113 dei
160 2074 305 2128 gracia
326 2073 422 2128 regi
445 2073 612 2128 Anglie
633 2085 675 2114 et
699 2073 883 2114 Francie
908 2072 1202 2113 illustrissimo
1222 2087 1274 2113 ac
1294 2072 1476 2113 domino
1494 2072 1722 2122 Hibernie,

67 2157 169 2184 suus
206 2143 460 2198 capellanus
501 2142 689 2193 humilis,
724 2143 857 2183 frater
892 2142 948 2184 H.
986 2142 1277 2195 permissione
1317 2141 1465 2183 divina
1502 2141 1723 2182 Roffensis

66 2212 316 2266 episcopus,
345 2212 529 2252 salutem
558 2212 601 2251 in
631 2226 735 2266 rege
765 2225 920 2265 regum
948 2211 1161 2252 altissimo
1188 2225 1287 2252 cum
1320 2210 1441 2250 omni
1472 2210 1722 2251 reverencia

67 2290 156 2321 tam
187 2281 335 2321 debita
363 2295 495 2334 quam
523 2281 695 2322 devota.
759 2279 884 2321 Scire
914 2280 1124 2334 dignetur
1154 2279 1420 2320 excellencia
1449 2279 1573 2333 regia
1600 2279 1722 2333 quod

66 2349 196 2390 breve
216 2360 410 2391 vestrum
433 2364 575 2404 nuper
596 2348 842 2403 recepimus
864 2349 907 2389 in
929 2349 1010 2389 hec
1030 2349 1165 2390 verba
1180 2364 1249 2390 :—

68 2451 145 2483 Oct.
164 2462 216 2482 20.

181 2517 427 2558 Edwardus
441 2516 511 2557 dei
528 2517 679 2571 gracia
691 2532 771 2558 rex
788 2517 957 2572 Anglie
973 2527 1015 2557 et
1028 2517 1210 2558 Francie
1227 2527 1269 2557 et
1287 2516 1491 2556 dominus
1507 2516 1720 2557 Hibernie

66 2586 302 2628 venerabili
344 2586 386 2626 in
422 2585 603 2626 Christo
643 2586 757 2640 patri
797 2587 853 2627 H.
886 2587 1040 2627 eadem
1078 2586 1228 2641 gracia
1263 2585 1477 2639 episcopo
1510 2585 1720 2633 Roffensi,

66 2654 262 2696 salutem.
327 2655 394 2695 De
425 2654 592 2695 decima
621 2655 766 2695 annali
796 2655 924 2696 nobis
953 2669 1032 2708 per
1062 2669 1142 2696 vos
1173 2666 1215 2694 et
1247 2654 1441 2708 prelatos
1472 2668 1522 2694 ac
1554 2653 1718 2694 clerum

65 2723 252 2764 diocesis
292 2734 334 2764 et
365 2723 593 2777 provincie
624 2723 952 2764 Cantuariensis
986 2723 1077 2777 jam
1108 2737 1313 2764 concessa
1344 2723 1399 2762 de
1441 2735 1555 2763 novo
1595 2723 1721 2764 vobis

66 2803 213 2846 grates
246 2792 474 2832 referimus
505 2791 727 2846 speciales.
787 2793 953 2833 Verum
991 2792 1095 2845 quia
1127 2791 1299 2833 termini
1335 2790 1569 2832 solucionis
1603 2791 1719 2832 dicte

66 2861 246 2910 decime,
268 2861 542 2901 considerata
566 2861 820 2901 necessitate
842 2871 1002 2910 nostra,
1024 2871 1125 2902 sunt
1153 2860 1331 2914 prolixi,
1353 2870 1395 2900 et
1423 2870 1607 2913 propter
1635 2861 1719 2901 hoc

66 2930 335 2971 venerabiles
356 2940 504 2983 patres
525 2929 903 2983 archiepiscopum
920 2929 1280 2970 Cantuariensem
1297 2939 1340 2969 et
1357 2928 1467 2969 alios
1483 2929 1718 2982 episcopos

66 2997 111 3038 in
151 2999 237 3038 fine
278 2998 446 3039 consilii
488 2997 625 3040 nostri
666 2999 787 3051 apud
828 2998 1269 3039 westmonasterium
1302 2997 1456 3038 ultimo
1492 2998 1718 3039 convocati

65 3067 304 3108 existentes
325 3067 486 3120 requiri
509 3066 689 3107 fecimus
710 3077 754 3107 et
775 3067 923 3121 rogari
946 3067 1158 3107 terminos
1177 3067 1290 3106 dicte
1313 3065 1550 3106 solucionis
1565 3066 1717 3107 antici-

66 3149 185 3189 pare,
223 3135 282 3176 ita
318 3136 439 3189 quod
479 3135 521 3176 in
564 3136 683 3176 festis
721 3135 889 3177 Natalis
923 3135 1088 3177 domini
1122 3145 1164 3176 et
1198 3135 1476 3176 Pentecostes
1509 3135 1718 3189 proximo

1543 3214 1630 3244 Yy2
