1925 3451
75 222 174 252 A.D.
201 222 214 251 1
229 202 345 267 343]
649 202 883 264 Episcopi
915 201 1156 263 Rcffenszk
1652 218 1729 255 707

72 337 288 377 dinalibus
320 337 364 376 in
395 336 512 377 dicto
552 350 691 390 regno
723 335 890 391 Anglie
924 335 1090 376 debitas
1127 334 1382 389 recipiendi,
1413 344 1458 375 et
1488 335 1543 375 de
1574 335 1729 376 solutis

72 405 393 460 acquietancias
409 419 487 445 seu
503 404 697 459 apochas
720 405 896 446 nomine
911 403 1126 444 dictorum
1142 404 1424 445 dominorum
1441 403 1727 444 cardinalium

73 473 270 524 faciendi,
306 474 360 514 de
396 474 716 527 quinquaginta
758 483 928 527 septem
970 472 1106 522 libris,
1142 473 1317 513 duobus
1349 472 1514 523 solidis,
1549 483 1590 512 et
1626 483 1728 514 octo

72 542 262 583 denariis
283 542 593 596 sterlingorum
617 557 700 596 pro
713 541 1105 596 procuracionibus
1120 541 1247 583 dictis
1263 541 1556 582 cardinalibus
1569 541 1729 582 debitis

72 613 127 653 de
149 611 469 665 temporalibus
496 621 538 652 et
566 610 867 665 spiritualibus
898 610 1023 651 bonis
1044 621 1087 651 et
1107 610 1330 652 beneficiis
1359 610 1531 663 nostris,
1559 624 1727 651 necnon

73 680 234 735 prioris
256 690 299 720 et
324 679 503 734 capituli
534 680 808 721 Roffensium
837 679 1151 734 predictorum,
1173 689 1215 720 et
1236 680 1514 734 quorundam
1539 678 1727 720 aliorum

73 759 222 790 nostre
265 749 486 789 Roffensis
526 748 742 801 dyocesis,
781 749 834 789 de
867 748 1012 802 primo
1053 761 1170 789 anno
1211 748 1540 802 prosecucionis
1572 761 1727 789 eorum

72 817 307 872 incipiente
348 817 491 871 prima
532 817 603 858 die
638 817 741 872 Julii
782 816 965 858 solutis1
1009 817 1064 857 de
1107 818 1346 858 mandatol
1391 827 1544 858 nostro
1584 817 1728 858 eidem

72 886 329 940 Andruyno
357 900 438 940 per
467 886 659 941 prefatos
688 886 883 940 priorem
906 897 948 926 et
968 886 1219 939 capitulum.
1273 887 1341 926 De
1363 885 1523 940 quibus
1547 885 1727 939 quidem

72 955 206 996 literis
234 955 533 1009 acquietancie
562 969 642 1009 per
674 969 754 995 nos
783 954 942 995 habitis
969 964 1012 995 et
1033 954 1222 1009 receptis
1251 969 1419 996 necnon
1441 955 1496 995 de
1518 955 1728 1008 predictis

73 1023 395 1079 quinquaginta
422 1033 592 1078 septem
621 1023 753 1072 libris,
782 1024 956 1064 duobus
984 1023 1147 1073 solidis,
1176 1034 1218 1064 et
1247 1034 1348 1065 octo
1376 1023 1577 1072 denariis,
1605 1033 1726 1064 ante-

72 1093 189 1134 dicto
217 1093 471 1146 Andruyno
500 1107 580 1146 per
608 1092 748 1134 dictos
776 1092 970 1146 priorem
996 1103 1039 1132 et
1067 1092 1309 1146 capitulum
1337 1092 1504 1142 solutis,
1532 1093 1728 1146 prefatos

71 1161 266 1216 priorem
280 1172 324 1202 et
337 1162 579 1216 capitulum
597 1171 639 1201 et
654 1175 807 1202 eorum
822 1175 1095 1202 successores
1108 1175 1191 1215 pro
1208 1162 1334 1201 nobis
1348 1171 1390 1202 et
1403 1161 1728 1202 successoribus

74 1231 233 1272 nostris
264 1230 565 1284 acquietamus
596 1240 640 1270 et
671 1230 1018 1284 acquietavimus
1054 1244 1133 1284 per
1164 1241 1407 1283 presentes.
1464 1231 1577 1270 Date
1607 1230 1728 1284 apud

73 1299 362 1341 Trottesclive
392 1299 474 1339 sub
505 1298 653 1355 sigillo
685 1309 837 1339 nostro
869 1312 1042 1353 magno.
1065 1299 1153 1353 xvj.
1177 1298 1247 1338 die
1273 1298 1436 1339 mensis
1465 1298 1584 1348 Maii,
1611 1312 1727 1339 anno

73 1367 241 1409 domini
263 1367 495 1409 millesimo
516 1382 601 1409 ccc.
623 1368 732 1422 xliij.

188 1437 340 1478 Tenor
361 1447 507 1477 autem
528 1436 826 1491 acquietancie
847 1436 951 1477 dicti
974 1436 1215 1490 Andruyni
1237 1446 1301 1477 est
1324 1436 1414 1485 iste,
1439 1436 1494 1476 de
1514 1436 1651 1477 verbo
1673 1436 1727 1477 ad

71 1506 254 1547 verbum
271 1522 338 1546 :——

74 1652 153 1692 May
172 1663 200 1691 7.

190 1720 406 1760 Noverint
427 1718 620 1760 universi
644 1718 766 1772 quod
788 1732 867 1759 nos
886 1718 1163 1772 Andruynus
1184 1719 1239 1759 de
1262 1719 1429 1769 Rocha,
1450 1719 1727 1760 decretorum

73 1788 243 1838 doctor,
274 1788 398 1842 prior
428 1788 483 1828 de
516 1786 760 1842 Colungiis‚
797 1797 1060 1841 procurator
1090 1798 1132 1828 et
1165 1788 1349 1829 nuncius
1382 1789 1727 1829 reverendorum

74 1867 247 1909 patrum
287 1867 329 1897 et
364 1857 661 1906 dominorum,
695 1856 978 1897 dominorum
1012 1856 1128 1897 Petri
1162 1856 1420 1908 Penestrini,
1452 1868 1728 1899 sacrosancte

75 1926 273 1966 Romane
296 1925 476 1966 ecclesie
498 1925 852 1975 vicecancellarii,
869 1936 912 1966 et
928 1925 1138 1966 Anibaldi
1155 1926 1397 1967 Tusculani
1414 1926 1728 1980 episcoporum

74 1993 372 2044 cardinalium,
387 1995 503 2035 sedis
515 1994 757 2048 apostolice
771 1995 827 2034 ad
842 2008 1030 2049 regnum
1046 1994 1212 2049 Anglie
1229 1996 1504 2045 nunciorum,
1518 1996 1730 2036 habentes

74 2064 130 2103 ab
152 2063 215 2104 eis
236 2074 497 2118 potestatem
521 2063 857 2117 procuraciones
879 2063 983 2117 ipsis
1006 2063 1048 2103 in
1070 2063 1189 2105 dicto
1211 2078 1352 2119 regno
1369 2064 1536 2119 Anglie
1558 2064 1729 2105 debitas

74 2132 327 2186 recipiendi,
344 2143 386 2173 et
403 2133 458 2173 de
479 2132 636 2173 solutis
657 2131 977 2185 acquietancias
999 2147 1077 2173 seu
1097 2133 1292 2186 apochas
1314 2133 1490 2173 nomine
1511 2132 1729 2174 dictorum

74 2200 355 2242 dominorum
376 2201 660 2242 cardinalium
683 2201 879 2251 faciendi,
903 2201 1150 2256 recepimus
1171 2216 1196 2242 a
1219 2202 1462 2243 reverendo
1484 2202 1527 2242 in
1552 2201 1729 2243 Christo

75 2280 199 2324 patre
235 2284 286 2311 ac
321 2270 516 2321 domino,
551 2269 732 2312 domino
779 2271 984 2311 Hamone
1020 2270 1170 2312 divina
1210 2271 1495 2325 providencia
1531 2271 1729 2311 Roffensi

75 2338 288 2393 episcopo
309 2339 633 2394 quinquaginta
652 2349 822 2392 septem
845 2338 991 2389 libras,
1013 2340 1126 2380 duos
1147 2339 1314 2380 solidos
1340 2351 1382 2380 et
1403 2349 1504 2381 octo
1525 2339 1728 2381 denarios

75 2408 389 2463 sterlingorum
411 2408 455 2448 in
480 2408 752 2449 solucionem
781 2419 824 2449 et
853 2408 1201 2450 satisfaccionem
1231 2409 1597 2463 procuracionum
1630 2423 1727 2463 pre-

75 2476 171 2516 fatis
210 2476 397 2516 dominis
438 2475 730 2517 cardinalibus
766 2477 821 2517 de
853 2477 1172 2531 temporalibus
1207 2487 1251 2517 et
1286 2476 1585 2531 spiritualibus
1626 2478 1727 2519 dicti

75 2545 242 2586 domini
263 2545 465 2599 episcopi
484 2555 526 2585 et
544 2546 824 2598 quorundam
846 2545 1031 2587 aliorum
1052 2561 1129 2587 sue
1145 2546 1332 2587 diocesis
1349 2546 1613 2586 debitarum2
1643 2561 1727 2600 pro

76 2613 222 2667 primo
243 2627 358 2654 anno
381 2613 616 2667 incipiente
644 2614 787 2667 prima
808 2615 880 2655 die
897 2615 1001 2670 Julii
1021 2615 1124 2656 anni
1156 2614 1364 2669 proxime
1392 2614 1603 2668 preteriti.
1658 2616 1726 2656 De

76 2697 164 2736 qua
206 2683 385 2736 quidem
429 2682 614 2736 pecunie
659 2697 843 2734 summa,
885 2685 1073 2725 fatemur
1114 2684 1240 2725 nobis
1288 2683 1463 2724 nomine
1511 2684 1726 2725 dictorum

75 2751 354 2792 dominorum
399 2751 686 2792 cardinalium
738 2753 831 2793 fore
873 2752 1125 2806 plenissime
1175 2752 1457 2800 satisfactum,
1497 2763 1541 2792 et
1581 2752 1727 2807 ipsum

76 2820 305 2861 dominum
327 2820 587 2874 episcopum
615 2820 792 2862 nomine
816 2835 906 2874 quo
928 2835 1073 2875 supra,
1099 2821 1348 2875 quictamus
1369 2830 1412 2860 et
1432 2820 1727 2874 quietavimus

76 2903 156 2942 per
183 2898 418 2943 presentes.
468 2889 581 2928 Date
605 2889 836 2929 Londonie
856 2890 938 2929 sub
960 2889 1106 2943 sigillo
1137 2900 1288 2930 nostro
1310 2888 1381 2929 die
1402 2891 1592 2943 septimo
1621 2889 1725 2930 Maii

75 2971 191 2998 anno
211 2957 378 2998 domini
399 2956 631 2998 millesimo
651 2963 783 2998 eccum.
803 2957 911 3011 xliij.

426 3197 435 3216 ¹
461 3197 629 3238 Ripealcd.
1040 3198 1051 3217 ²
1076 3197 1152 3229 MS.
1172 3198 1372 3228 debitorum.

1561 3263 1577 3284 z
1594 3265 1638 3284 22
