1925 3451
140 206 217 256 718
682 203 968 264 Regislrum
1004 202 1254 248 Hamom‘s
1521 200 1637 264 [A.D.
1668 218 1683 247 1
1698 218 1757 262 34
1765 219 1789 263 3

769 394 938 433 Prima
959 398 1169 433 tonsura.

138 463 214 493 Oct.
232 473 278 493 12.

236 517 347 561 [First
366 522 515 550 tonsure
534 521 571 549 ot
593 516 754 549 Richard
774 515 939 548 Thomas
957 514 1000 548 of
1015 514 1246 559 Brenchley.]

254 586 361 640 111Jt0.
406 586 509 625 Idus
543 584 753 626 Octobris
789 598 905 625 anno
945 583 1113 624 domini
1153 583 1410 637 supradicto
1451 583 1494 623 in
1530 583 1698 638 capella
1737 584 1793 625 de

138 654 429 696 Trottesclive
465 653 682 694 Ricardus
717 652 920 694 Thomas
954 652 1009 692 de
1049 652 1311 693 Brenchesle
1351 652 1580 693 ordinatus
1620 652 1702 693 fuit
1737 653 1792 694 ad

140 723 327 778 primam
350 733 589 763 tonsuram.

295 895 460 935 [Atera
483 896 628 935 missa
650 894 836 934 domino
847 898 978 946 pape
990 902 1079 947 pro
1101 895 1300 934 notariis
1309 894 1626 946 preficiendi&

236 985 335 1029 [The
353 985 480 1028 bishop
499 985 672 1028 petitions
690 985 752 1018 the
772 996 865 1028 pope
884 989 923 1018 to
941 985 986 1018 be
1007 985 1205 1028 permitted
1220 989 1259 1017 to
1273 984 1421 1028 appoint
1439 989 1512 1017 two
1528 995 1606 1017 new
1621 986 1794 1028 notaries,

140 1045 237 1078 since
266 1044 329 1077 the
356 1044 604 1087 employment
629 1043 670 1076 of
694 1043 857 1086 imperial
884 1044 1042 1076 notaries
1068 1044 1094 1075 is
1118 1042 1310 1076 forbidden
1336 1042 1371 1075 in
1399 1042 1563 1084 England
1593 1043 1664 1076 and
1690 1043 1795 1077 there

140 1114 201 1136 are
222 1107 285 1135 not
307 1113 408 1135 more
425 1102 512 1134 than
531 1106 605 1135 two
623 1102 726 1145 papal
746 1102 904 1135 notaries
924 1102 957 1134 in
976 1101 1029 1134 his
1047 1099 1223 1144 diocese.]

257 1170 544 1212 Sanctissimo
577 1170 621 1210 in
661 1169 839 1211 Christo
873 1170 987 1224 patri
1024 1184 1076 1210 ac
1109 1169 1292 1210 domino
1328 1183 1408 1210 suo
1442 1169 1795 1211 reverentissimo

140 1239 322 1281 domino
371 1239 603 1289 Clementi,
645 1238 793 1280 divina
845 1238 1129 1293 providencia
1179 1248 1453 1279 sacrosancte
1503 1239 1706 1279 Romane
1746 1253 1796 1280 ac

142 1307 397 1349 universalis
432 1307 614 1348 ecclesie
648 1321 822 1348 summo
854 1306 1066 1361 pontifici,
1103 1321 1208 1347 suus
1239 1306 1494 1361 capellanus
1529 1307 1795 1358 humilimus,

142 1388 285 1418 vestre
310 1377 533 1418 Roffensis
554 1376 737 1417 ecclesie
761 1375 961 1416 minister
982 1375 1187 1429 exiguus,
1211 1390 1310 1416 cum
1332 1375 1453 1416 omni
1474 1376 1732 1417 obediencia
1753 1387 1796 1417 et

142 1446 396 1487 reverencia
446 1445 687 1498 subjectiva
726 1459 772 1485 se
813 1454 1088 1499 prostratum
1128 1444 1185 1485 ad
1226 1445 1387 1486 devota
1437 1445 1601 1499 pedum
1646 1445 1797 1486 oscula

141 1516 383 1556 beatorum.
437 1515 567 1556 Pater
597 1513 878 1564 sanctissime,
911 1528 1011 1553 cum
1043 1512 1333 1554 tabellionum
1366 1527 1472 1554 usus
1502 1514 1795 1568 imperialium

141 1583 198 1624 sit
226 1583 269 1623 in
300 1597 440 1638 regno
470 1583 640 1638 Anglie
668 1597 718 1624 ac
750 1597 776 1623 a
807 1582 882 1622 diu
911 1582 1041 1622 fuerit
1072 1582 1248 1636 publice
1278 1582 1549 1632 interdictus,
1579 1582 1723 1637 sitque
1751 1583 1795 1623 in

143 1652 343 1694 Roffensi
359 1651 520 1693 diocesi
534 1662 653 1692 tanta
670 1651 941 1692 notariorum
957 1651 1219 1692 auctoritate
1238 1650 1477 1705 apostolica
1498 1653 1796 1705 prefectorum

142 1722 340 1775 paucitas
368 1722 491 1774 quod
523 1735 755 1761 numerum
786 1720 1003 1760 binarium
1034 1734 1122 1761 non
1151 1719 1339 1770 excedit,
1362 1735 1422 1760 ex
1442 1735 1534 1774 quo
1562 1721 1796 1776 contingit,

144 1800 192 1831 ut
212 1790 415 1840 arbitror,
433 1790 554 1843 quod
572 1790 631 1830 ob
645 1789 968 1842 probacionum
990 1789 1220 1842 penuriam
1243 1788 1303 1829 sic
1325 1789 1569 1830 restrictam
1591 1789 1634 1830 in
1658 1789 1797 1831 causis

142 1868 186 1900 et
204 1859 401 1913 negociis
416 1858 720 1899 ecclesiasticis
740 1858 1061 1912 pertractandis
1082 1857 1343 1912 plerumque
1365 1858 1481 1899 cedit
1501 1858 1661 1900 veritas
1683 1858 1796 1899 falsi-

142 1928 246 1978 tati;
294 1938 439 1969 vestre
476 1927 717 1968 sanctitatis
752 1926 1038 1967 clemenciam
1073 1926 1183 1967 duxi
1217 1926 1439 1968 humiliter
1474 1927 1796 1981 implorandam

141 1997 346 2051 quatinus
361 1997 415 2037 ad
432 1996 612 2037 ecclesie
630 1996 868 2036 comodum
886 2006 927 2036 et
941 1995 1138 2037 veritatis
1159 1995 1457 2036 testimonium
1479 1997 1796 2050 promovenda,

144 2066 249 2106 mihi
278 2065 452 2107 servulo
481 2075 629 2106 vestro
657 2064 900 2118 dignemini
927 2064 1235 2105 auctoritatem
1263 2064 1552 2118 apostolicam
1580 2065 1797 2120 impertiri

144 2146 191 2176 ut
208 2137 321 2175 duos
340 2133 534 2175 notarios
551 2133 753 2187 publicos
767 2134 934 2173 valeam
952 2133 1174 2187 preficere,
1189 2142 1334 2174 vestre
1351 2133 1582 2188 presertim
1599 2134 1797 2175 Roffensi

145 2203 324 2245 ecclesie
347 2203 583 2244 servituros
605 2203 660 2242 de
681 2212 828 2243 vestra
855 2214 1039 2256 paterna
1060 2202 1346 2255 providencia
1367 2212 1410 2243 et
1430 2203 1580 2257 gracia
1608 2202 1797 2257 speciali.

144 2272 301 2314 Valeat
332 2273 375 2312 in
401 2271 581 2313 Christo
613 2271 856 2326 paternitas
889 2282 1031 2313 vestra
1061 2270 1336 2311 sanctissima
1367 2285 1468 2311 cum
1501 2272 1798 2326 prosperitate

144 2342 340 2397 longeva
374 2342 430 2382 ad
468 2341 663 2395 regimen
708 2339 963 2381 universalis
1003 2339 1185 2381 ecclesie
1226 2350 1515 2381 sacrosancte.
1572 2339 1797 2395 Scriptum

144 2412 262 2466 apud
284 2409 579 2451 Trottesclive
601 2409 693 2464 iiij0.
717 2409 822 2450 Idus
845 2409 1052 2450 Octobris
1073 2422 1190 2450 anno
1212 2409 1379 2450 domini
1406 2409 1638 2451 millesimo
1659 2415 1797 2451 0001110.

144 2480 289 2533 xliiij0.

457 2640 621 2680 Litera
643 2639 978 2691 suppll'caloria
991 2644 1089 2691 pro
1110 2641 1264 2680 eodem
1288 2641 1478 2694 negocio,

241 2731 341 2775 [The
362 2730 489 2773 bishop
509 2735 678 2774 requests
697 2729 838 2763 Master
860 2730 1017 2763 Richard
1036 2730 1081 2762 de
1102 2730 1353 2763 Thormerton
1372 2735 1410 2763 to
1431 2735 1577 2773 present
1601 2730 1664 2763 the
1683 2730 1797 2763 above

145 2790 302 2832 petition
337 2794 376 2822 to
408 2789 471 2822 the
504 2789 616 2832 Pope,
645 2788 763 2821 either
793 2788 938 2821 himself
963 2799 1005 2821 or
1035 2788 1081 2832 by
1111 2788 1175 2822 the
1206 2789 1318 2822 hands
1349 2788 1390 2821 of
1416 2789 1476 2822 the
1507 2789 1731 2822 abbot-elect
1760 2788 1802 2821 of

148 2848 202 2882 St.
239 2847 480 2890 Augustine's,
517 2847 746 2890 Canterbury
784 2847 958 2890 (William
997 2846 1187 2891 Drulege).
1241 2847 1300 2880 He
1335 2847 1406 2880 will
1440 2846 1571 2880 refund
1608 2846 1797 2880 Richard’s

144 2917 321 2951 expenses
340 2906 443 2939 when
462 2906 507 2938 he
526 2905 684 2938 receives
702 2905 764 2938 the
784 2903 910 2948 Bulls.]

264 2973 515 3015 Venerabili
537 2985 581 3014 et
604 2973 794 3014 discreto
816 2973 926 3024 viro,
950 2973 1164 3027 magistro
1194 2974 1385 3014 Ricardo
1406 2974 1461 3014 de
1482 2974 1797 3023 Thormerton,

146 3043 288 3084 amico
317 3052 469 3083 nostro
502 3042 741 3092 carissimo,
773 3042 932 3091 Hamo‚
962 3042 1251 3095 permissione
1283 3042 1428 3084 divina
1456 3041 1677 3083 Roffensis
1705 3041 1797 3095 epi-

147 3126 321 3165 scopus,
336 3111 523 3152 salutem
541 3121 583 3152 et
601 3121 854 3165 promptam
867 3111 924 3151 ad
940 3111 1215 3164 beneplacita
1230 3111 1517 3153 voluntatem.
1552 3109 1797 3161 Carissime,

147 3180 259 3220 tradi
306 3180 486 3220 fecimus
534 3179 662 3221 latori
714 3179 991 3234 presencium
1044 3180 1191 3220 literas
1240 3190 1411 3221 nostras
1460 3178 1798 3233 supplicatorias
