1925 3451
194 177 275 228 674
738 172 1024 234 Regz'slrum
1061 172 1310 218 Hamom's
1579 172 1697 236 [A.D.
1721 189 1839 233 1341

194 307 262 345 Jul.
280 308 333 338 26.

313 370 600 412 Postmodum
639 370 682 410 in
718 369 911 411 crastino
948 369 1084 410 sancti
1113 368 1269 424 Jacobi
1305 368 1496 422 apostoli
1533 383 1652 411 anno
1683 370 1850 410 domini

195 439 448 493 supradicto
469 447 813 492 comparuerunt
836 437 880 477 in
902 436 1071 490 capella
1092 437 1273 477 manerii
1295 437 1350 477 de
1372 437 1682 491 Trottesclyve
1702 452 1851 479 coram

197 507 434 550 venerabili
457 518 581 561 patre
602 506 785 547 domino
808 505 1007 546 Roffensi
1033 505 1250 559 episcopo
1271 505 1476 559 predicto
1498 506 1629 547 iidem
1654 507 1852 547 Thomas

198 578 348 618 Broun
371 587 415 617 et
437 575 653 616 Ricardus
673 575 807 615 frater
835 573 929 626 ejus
954 588 1004 614 ac
1033 573 1171 614 eciam
1192 574 1421 629 Johannes
1447 575 1582 615 frater
1610 576 1852 616 eorundem

198 655 239 686 et
261 643 507 686 Willelmus
531 642 832 692 Rodebourn’‚
849 642 1053 695 lectoque
1075 641 1382 683 certificatorio
1398 642 1550 683 decani
1567 643 1622 683 de
1642 643 1853 698 Mallyng'

198 714 253 754 de
274 728 364 767 quo
385 726 521 766 supra
541 713 589 751 fit
611 710 796 760 mencio,
817 712 1112 764 expositaque
1137 710 1301 751 eisdem
1322 710 1537 752 violencia
1557 722 1601 752 et
1621 711 1855 767 sacrilegio

198 792 331 836 prout
362 781 406 821 in
435 780 745 821 certificatorio
774 779 974 832 predicto
1002 779 1302 830 continentur,
1330 779 1447 820 idem
1477 780 1676 821 Thomas
1706 781 1855 822 Broun

197 851 358 891 dictam
379 848 639 891 violenciam
668 848 867 889 Henrico
891 847 1068 901 Holeye
1083 847 1263 902 juniori,
1286 847 1457 899 clerico,
1475 849 1632 889 factam
1653 863 1702 890 ac
1724 849 1855 890 sacri-

197 919 365 974 legium
387 919 618 967 fatebatur,
641 927 685 957 et
708 917 840 971 peciit
860 931 907 957 se
935 916 1128 958 absolvi:
1160 931 1295 970 quem
1316 917 1579 958 venerabilis
1602 928 1729 972 pater
1755 932 1854 972 pre-

199 988 342 1028 dictus
381 988 438 1028 ad
475 986 691 1027 cautelam
731 997 836 1027 tunc
871 985 1070 1027 absolvit.
1132 985 1411 1040 Prestitoque
1447 986 1571 1039 prius
1606 986 1662 1026 ab
1698 987 1856 1027 eodem

198 1057 376 1098 Thoma
396 1055 618 1109 corporali
634 1054 904 1109 juramento,
926 1054 1131 1096 videlicet
1154 1055 1274 1107 quod
1292 1054 1494 1109 predicto
1510 1054 1670 1096 clerico
1687 1055 1748 1096 sic
1764 1055 1857 1096 leso

200 1126 313 1166 infra
334 1134 435 1166 octo
457 1125 549 1165 dies
570 1134 673 1178 post
696 1124 854 1165 festum
875 1123 1014 1164 sancti
1039 1123 1266 1164 Michaelis
1294 1123 1505 1177 proximo
1531 1133 1635 1165 tunc
1661 1125 1856 1165 futurum

200 1194 341 1236 solvet
362 1193 656 1248 quadraginta
676 1192 843 1234 solidos
866 1192 1063 1233 Henrico
1092 1191 1251 1233 clerico
1278 1191 1478 1247 predicto
1507 1206 1590 1247 pro
1617 1192 1783 1247 injuriis
1813 1203 1858 1234 et

200 1263 407 1317 dampnis
444 1262 695 1317 hujusmodi
733 1262 812 1303 sibi
854 1261 978 1302 factis
1020 1261 1101 1301 sub
1142 1275 1257 1315 pena
1297 1261 1340 1301 in
1382 1261 1861 1303 excommunicacionis

202 1331 470 1373 sentenciam
493 1330 729 1382 relabendi,
751 1341 794 1371 et
816 1330 938 1384 quod
959 1339 1096 1370 staret
1117 1329 1335 1371 mandatis
1356 1330 1537 1371 ecclesie
1559 1344 1643 1384 pro
1659 1330 1860 1371 commis-

202 1401 273 1451 sis,
295 1412 338 1442 et
359 1401 481 1455 quod
502 1401 558 1441 de
578 1410 726 1441 cetero
749 1399 912 1440 nullam
930 1398 1109 1439 inferret
1124 1398 1382 1440 violenciam
1400 1398 1528 1440 aliam
1546 1399 1588 1439 in
1607 1399 1833 1440 ecclesiam
1852 1417 1860 1441 :

195 1470 360 1525 juravit
385 1470 525 1511 eciam
557 1469 678 1523 quod
711 1468 814 1522 quia
838 1468 894 1508 ad
921 1482 1106 1522 presens
1139 1482 1226 1508 non
1260 1478 1325 1508 est
1355 1482 1538 1509 securus
1569 1468 1776 1509 transitus
1803 1469 1860 1510 ad

202 1540 368 1581 curiam
392 1540 651 1588 Romanam,
673 1537 941 1592 quamcicius
967 1547 1061 1577 tute
1090 1547 1132 1577 et
1161 1551 1316 1578 secure
1345 1537 1509 1591 poterit
1538 1548 1580 1578 et
1606 1537 1788 1578 facultas
1815 1553 1861 1579 se

204 1609 418 1663 optulerit
439 1609 496 1649 ad
517 1608 682 1648 curiam
704 1606 948 1661 predictam
971 1621 1071 1647 cum
1093 1607 1253 1647 effectu
1275 1606 1357 1647 iter
1378 1606 1559 1660 arripiet
1581 1620 1664 1661 pro
1685 1606 1861 1648 absolu-

204 1678 344 1719 cionis
364 1677 579 1718 beneficio
595 1677 855 1732 optinendo.
920 1674 1170 1728 Statimque
1186 1674 1257 1715 die
1275 1685 1318 1715 et
1334 1674 1432 1716 loco
1447 1675 1658 1730 predictis
1676 1676 1861 1729 predicti

206 1747 420 1788 Ricardus
442 1756 483 1787 et
501 1745 726 1802 Johannes
751 1746 907 1786 fratres
935 1745 1132 1799 ejusdem
1155 1744 1331 1784 Thome
1363 1744 1514 1785 Broun
1543 1758 1594 1785 ac
1616 1744 1863 1785 Willelmus

207 1816 479 1856 Rodebourn
517 1814 740 1869 predictus
780 1828 928 1854 coram
965 1812 1203 1854 venerabili
1240 1823 1367 1867 patre
1404 1813 1606 1866 predicto
1641 1813 1863 1867 prostrati,

206 1885 444 1938 complices
465 1894 509 1924 et
531 1884 723 1924 fautores
744 1882 789 1923 in
813 1882 1006 1923 facinore
1029 1881 1285 1935 hujusmodi
1308 1896 1354 1922 se
1379 1882 1578 1930 fatentes,
1600 1882 1862 1923 beneficium

205 1953 502 1994 absolucionis
522 1952 745 1992 humiliter
766 1951 1007 2005 pecierunt.
1060 1950 1405 2004 Quibusjuratis
1426 1950 1482 1991 de
1504 1951 1661 1991 stando
1683 1951 1863 1992 manda-

209 2021 262 2062 tis
283 2021 465 2063 ecclesie
487 2036 570 2076 pro
591 2020 846 2069 commissis,
869 2029 913 2060 et
938 2019 1062 2072 quod
1094 2019 1148 2058 de
1180 2029 1328 2060 cetero
1362 2018 1526 2059 nullam
1558 2020 1752 2060 facerent
1772 2021 1865 2061 vio-

206 2090 405 2141 lenciam,
429 2105 507 2131 nec
528 2089 770 2139 consilium,
796 2087 1026 2137 auxilium,
1049 2087 1118 2129 vel
1140 2087 1335 2129 favorem
1358 2087 1612 2141 hujusmodi
1640 2088 1865 2144 sacrilegis

208 2159 279 2201 vel
314 2158 666 2200 malefactoribus
701 2168 866 2198 extunc
901 2157 1150 2210 preberent,
1183 2155 1445 2197 venerabilis
1481 2166 1609 2210 pater
1641 2157 1865 2211 predictus

208 2228 387 2269 eosdem
408 2242 434 2268 a
449 2227 670 2268 sentencia
685 2224 1158 2267 excommunicacionis
1174 2225 1374 2275 absolvit,
1392 2225 1670 2266 decernendo
1687 2226 1866 2277 eisdem,

210 2297 361 2338 habita
392 2296 514 2351 prius
544 2295 868 2336 deliberacione
900 2293 1062 2344 debita,
1092 2293 1385 2346 penitenciam
1419 2308 1502 2348 pro
1531 2294 1774 2336 commissis
1799 2294 1864 2335 in-

204 2365 395 2421 jungere
417 2365 665 2407 salutarem.

210 2638 290 2683 xs‘.
313 2631 555 2671 Kalendas
578 2629 857 2670 Novembris
881 2641 1005 2668 amm
1033 2628 1217 2668 domini
1235 2628 1479 2668 millesimo
1507 2632 1640 2668 eccm.
1662 2629 1868 2681 qnadra-

323 2700 502 2753 gesz'mo
511 2698 680 2750 primo
705 2697 755 2738 2'72
777 2698 946 2749 capella
970 2697 1024 2736 de
1054 2696 1278 2738 Trottesc'.

907 2788 955 2827 E
946 2787 1116 2843 ylzlfsor
1121 2789 1155 2827 (ί
1157 2787 1175 2829 ’.

217 2849 292 2878 Oct.
312 2858 362 2878 22.

312 2903 492 2936 Collation
511 2903 634 2935 intuitu
654 2901 813 2935 caritatis
832 2900 872 2933 of
889 2900 999 2941 Hugh
1021 2899 1066 2932 de
1086 2900 1234 2942 Halum,
1249 2900 1372 2943 priest‚
1388 2905 1427 2933 to
1446 2899 1639 2944 Aylesford
1658 2900 1702 2932 V.
1722 2899 1804 2932 void
1823 2899 1869 2942 by

216 2961 278 2994 the
304 2961 412 2994 death
435 2960 476 2993 of
496 2960 592 3004 John
617 2960 662 2993 de
689 2958 913 2992 Northwico.
967 2957 1143 2991 Mandate
1162 2957 1220 2991 for
1237 2958 1425 2992 induction
1448 2963 1487 2992 to
1505 2959 1567 2992 the
1587 2957 1814 2992 archdeacon
1833 2957 1874 2990 of

219 3019 433 3053 Rochester.
485 3018 600 3052 Oaths
618 3017 660 3051 of
674 3017 875 3051 obedience
894 3016 965 3050 and
984 3016 1183 3049 residence.

934 3178 1152 3186 ——e—
