1925 3451
139 164 222 206 686
685 161 971 224 Regz'stmm
1007 159 1259 205 Hamonz's
1527 157 1645 222 [A.D.
1672 175 1792 218 1342

140 304 195 344 de
222 300 425 349 Colonia,
452 307 621 338 rectore
649 293 832 335 ecclesie
863 293 918 332 de
948 290 1197 339 Lamheth',
1227 290 1563 343 Wyntoniensis
1595 290 1795 341 diocesis,

138 370 296 425 viginti
320 380 484 409 marcas
499 363 827 417 sterlingorum,
845 361 900 400 de
914 359 1148 413 arreragiis
1169 358 1395 412 cujusdam
1412 372 1557 399 annue
1573 359 1797 412 pensionis

139 440 337 494 quinque
358 447 605 476 marcarum
625 431 937 484 sterlingorum
956 428 1083 469 nobis
1104 437 1147 468 et
1168 427 1366 467 Roffensi
1383 427 1596 481 episcopo
1613 427 1689 481 qui
1710 441 1794 481 pro

140 520 341 561 tempore
368 503 498 545 fuerit
523 500 668 541 debite
693 497 966 552 persolutas:
1000 495 1202 538 videlicet
1227 495 1282 536 de
1313 495 1502 536 termino
1531 496 1630 537 festi
1658 496 1796 537 sancti

141 574 365 616 Michaelis
386 584 502 613 anno
523 568 691 610 domini
720 572 885 607 m0.ccc.
908 565 1130 606 tricesimo
1158 574 1329 614 octavo,
1352 574 1395 605 et
1417 564 1606 605 termino
1632 565 1795 605 Pasche

141 644 345 699 proxime
368 652 471 681 tunc
492 636 728 691 sequentis,
746 635 944 688 quinque
962 646 1154 674 marcas:
1187 644 1230 673 et
1247 632 1303 673 de
1324 633 1513 673 termino
1535 633 1631 674 festi
1654 633 1793 674 sancti

140 710 368 753 Michaelis
409 707 530 762 quod
567 715 659 746 erat
700 718 817 744 anno
858 702 1027 743 domini
1059 708 1133 743 m0.
1166 707 1300 743 0001110.
1333 701 1556 742 tricesimo
1589 715 1719 752 nono,
1751 712 1794 743 et

140 780 327 822 termino
369 776 467 817 festi
503 774 669 815 Pasche
700 772 911 826 proximo
942 770 1169 825 sequentis
1200 770 1397 824 quinque
1428 785 1622 812 marcas:
1666 780 1710 811 et
1740 772 1796 811 de

141 848 327 890 termino
364 845 461 886 festi
491 842 628 884 sancti
661 840 887 882 Michaelis
919 840 1042 894 quod
1074 850 1165 880 erat
1198 853 1316 880 anno
1348 839 1515 880 domini
1547 846 1623 882 m0.
1656 845 1794 881 0001110.

141 914 486 972 quadragesimo
507 922 549 953 et
570 912 625 952 de
653 909 841 951 termino
870 909 968 950 festi
999 908 1165 949 Pasche
1190 908 1397 962 proxime
1426 919 1531 950 tunc
1560 908 1794 962 sequentis,

139 987 335 1041 quinque
366 995 558 1024 marcas:
600 991 643 1021 et
674 980 730 1020 de
761 978 952 1020 termino
983 978 1080 1018 festi
1112 976 1249 1018 sancti
1281 977 1510 1018 Michaelis
1541 979 1666 1031 quod
1701 988 1796 1018 erat

139 1068 255 1096 anno
286 1051 455 1093 domini
487 1056 561 1091 m0.
594 1064 682 1090 000.
715 1047 1058 1102 quadragesimo
1099 1046 1259 1100 primo,
1291 1056 1334 1086 et
1375 1047 1430 1087 de
1471 1046 1658 1088 termino
1700 1046 1795 1087 festi

140 1123 303 1164 Pasche
324 1119 532 1175 proxime
548 1129 651 1159 tunc
669 1116 904 1171 sequentis,
922 1115 1120 1170 quinque
1138 1129 1318 1156 marcas.
1372 1115 1421 1155 In
1438 1115 1600 1169 quibus
1615 1115 1795 1170 quidem

140 1191 295 1247 viginti
328 1189 486 1230 marcis
517 1188 633 1228 idem
670 1196 814 1227 rector
854 1200 936 1239 per
977 1184 1274 1239 presidentem
1310 1185 1430 1225 curie
1465 1184 1795 1225 Cantuariensis

142 1275 281 1315 nuper
303 1259 431 1299 nobis
452 1256 600 1298 extitit
621 1256 986 1309 condempnatus.
1040 1254 1109 1294 De
1132 1253 1292 1307 quibus
1309 1253 1448 1294 eciam
1464 1253 1620 1308 viginti
1638 1253 1796 1294 marcis

141 1330 267 1371 nobis
303 1327 476 1377 debitis,
508 1336 555 1366 ut
591 1324 874 1379 premittitur,
909 1337 991 1364 nos
1024 1322 1248 1363 Roffensis
1284 1322 1521 1377 episcopus
1554 1323 1794 1376 predictus,

141 1398 387 1453 predictum
419 1407 635 1437 rectorem
660 1394 861 1448 quietum
890 1392 1075 1433 facimus
1103 1406 1184 1446 per
1208 1403 1446 1445 presentes.
1510 1392 1559 1432 In
1587 1392 1711 1447 cujus
1733 1392 1796 1433 rei

141 1466 442 1508 testimonium
478 1463 676 1519 sigillum
709 1474 909 1504 nostrum
943 1461 1125 1502 fecimus
1160 1461 1243 1501 hiis
1279 1461 1462 1516 apponi.
1525 1462 1638 1502 Date
1674 1462 1796 1515 apud

139 1536 463 1589 Trottesclyve,
499 1533 570 1587 vij.
616 1533 721 1573 Idus
763 1530 984 1581 Octobris,
1015 1544 1133 1571 anno
1174 1530 1341 1571 domini
1374 1536 1450 1572 m‘ss'.
1488 1545 1572 1572 000.
1604 1531 1794 1585 quadra-

139 1605 311 1661 gesimo
332 1604 541 1645 secundo.

257 1675 410 1715 Pateat
438 1671 653 1713 universis
685 1685 766 1724 per
797 1680 1025 1724 presentes
1056 1669 1178 1723 quod
1210 1682 1303 1720 nos,
1336 1670 1470 1709 frater
1503 1668 1661 1716 Hamo,
1692 1682 1793 1722 per-

140 1743 346 1784 missione
365 1742 514 1783 divina
530 1739 751 1781 Roffensis
772 1739 1021 1792 episcopus,
1040 1738 1288 1793 recepimus
1310 1752 1335 1778 a
1356 1738 1571 1793 magistro
1588 1737 1793 1793 Johanne

140 1813 195 1853 de
224 1811 424 1861 Colonia,
449 1821 619 1851 rectore
649 1807 831 1849 ecclesie
860 1808 916 1848 de
946 1807 1193 1857 Lamheth‘,
1227 1806 1562 1860 Wyntoniensis
1592 1806 1794 1857 diocesis,

139 1880 324 1936 triginta
354 1890 441 1921 tres
471 1878 637 1919 solidos
667 1888 711 1918 et
741 1887 932 1930 quatuor
964 1876 1167 1917 denarios
1197 1875 1514 1930 sterlingorum
1545 1875 1589 1915 in
1620 1885 1793 1929 partem

141 1949 379 1991 solucionis
400 1948 598 2003 quinque
619 1961 865 1987 marcarum
891 1960 1034 1986 annue
1063 1944 1287 1999 pensionis
1310 1944 1436 1986 nobis
1457 1945 1514 1985 ab
1535 1944 1718 1986 ecclesia
1739 1946 1795 1985 de

141 2018 372 2060 Lamheth’
388 2017 583 2071 predicta
597 2015 757 2056 debite:
780 2014 981 2056 videlicet
997 2028 1080 2068 pro
1095 2013 1286 2054 termino
1300 2013 1398 2053 festi
1411 2013 1548 2054 sancti
1565 2013 1794 2055 Michaelis

141 2098 242 2128 ante
273 2088 418 2127 datam
452 2085 729 2140 presencium
755 2084 909 2124 ultimo
938 2083 1164 2137 preterito.
1230 2083 1297 2122 De
1323 2082 1483 2136 quibus
1510 2083 1690 2136 quidem
1721 2084 1795 2124 tri-

141 2157 265 2211 ginta
300 2156 440 2197 tribus
480 2154 631 2196 solidis
662 2164 705 2194 et
735 2163 928 2207 quatuor
958 2152 1149 2192 denariis
1181 2151 1307 2192 nobis
1338 2166 1422 2205 pro
1452 2151 1570 2192 dicto
1601 2152 1793 2193 termino

142 2225 376 2280 persolutis
407 2238 487 2265 nos
514 2233 730 2264 rectorem
756 2221 1004 2276 predictum
1026 2221 1225 2275 quietum
1247 2220 1429 2260 facimus
1451 2235 1533 2274 per
1553 2231 1793 2274 presentes.

144 2296 191 2335 In
225 2294 348 2348 cujus
379 2293 442 2335 rei
473 2291 773 2334 testimonium
808 2289 1002 2345 sigillum
1038 2300 1236 2330 nostrum
1279 2289 1460 2329 fecimus
1494 2289 1577 2329 hiis
1611 2290 1793 2344 apponi.

144 2364 258 2404 Date
285 2363 406 2416 apud
428 2360 750 2414 Trottesclyve.
771 2359 826 2413 vj.
869 2359 972 2398 Idus
990 2357 1209 2406 Octobris,
1230 2371 1346 2399 anno
1369 2357 1537 2398 domini
1560 2364 1635 2399 n10.
1657 2364 1793 2400 ccc¹¹¹⁰.

143 2431 482 2486 quadragesimo
504 2429 712 2470 secundo.

634 2605 867 2657 Prefeccz'o
887 2606 992 2645 deca
1001 2605 1058 2645 πί
1072 2605 1311 2658 Roffensz's.

145 2678 219 2707 Oct.
238 2687 270 2715 9.

239 2731 408 2775 [Rom-t,
428 2730 524 2763 vicar
547 2729 589 2762 of
611 2729 843 2771 Kingsdown,
862 2729 889 2761 is
912 2729 1017 2761 made
1044 2728 1134 2761 dean
1162 2727 1204 2761 of
1230 2728 1434 2762 Rochester
1461 2728 1496 2761 in
1522 2728 1726 2761 succession
1755 2732 1794 2760 to

144 2790 238 2832 John
258 2790 303 2821 de
324 2789 489 2832 Bosgate,
508 2788 605 2820 vicar
624 2787 665 2820 of
682 2786 866 2830 Higham]

262 2858 370 2897 Item
418 2856 754 2897 memorandum
795 2855 915 2909 quod
955 2854 1024 2908 vij.
1068 2855 1173 2895 Idus
1215 2854 1433 2905 Octobris,
1475 2854 1682 2896 videlicet
1722 2854 1794 2895 die

145 2925 280 2966 sancti
318 2925 523 2979 Dyonisii
556 2938 673 2965 anno
707 2923 873 2965 domini
910 2923 1121 2977 proximo
1157 2923 1425 2977 supradicto,
1459 2923 1503 2964 in
1537 2922 1707 2977 capella
1738 2923 1794 2963 de

147 2994 449 3043 Trottesclive‚
484 2993 690 3034 dominus
720 2993 943 3049 Johannes
979 2992 1034 3032 de
1071 2993 1274 3047 Bosgate,
1306 2992 1491 3034 vicarius
1526 2991 1707 3033 ecclesie
1739 2992 1794 3032 de

148 3062 385 3116 Heigham,
418 3063 609 3102 decanus
650 3062 704 3102 de
737 3061 880 3111 Roffa,
912 3060 1111 3102 liberavit
1142 3061 1323 3102 domino
1355 3061 1568 3114 episcopo
1600 3058 1792 3114 sigillum

146 3131 383 3171 decanatus
413 3130 644 3171 Roffensis.
706 3130 763 3171 Et
795 3129 1000 3171 dominus
1026 3130 1261 3184 episcopus
1290 3129 1515 3184 predictus
1543 3127 1726 3184 prefecit
1746 3128 1791 3168 in
