<?xml version="1.0" encoding="UTF-8"?>
<!DOCTYPE html PUBLIC "-//W3C//DTD XHTML 1.0 Transitional//EN"
    "http://www.w3.org/TR/xhtml1/DTD/xhtml1-transitional.dtd">
<html xmlns="http://www.w3.org/1999/xhtml" xml:lang="en" lang="en">
 <head>
  <title>
</title>
<meta http-equiv="Content-Type" content="text/html;charset=utf-8" />
  <meta name='ocr-system' content='tesseract 3.04.00' />
  <meta name='ocr-capabilities' content='ocr_page ocr_carea ocr_par ocr_line ocrx_word'/>
</head>
<body>
  <div class='ocr_page' id='page_1' title='image "./registrumhamonis07cath_0026.png"; bbox 0 0 1925 3451; ppageno 0'>
   <div class='ocr_carea' id='block_1_1' title="bbox 216 179 1863 243">
    <p class='ocr_par' dir='ltr' id='par_1_1' title="bbox 216 179 1863 243">
     <span class='ocr_line' id='line_1_1' title="bbox 216 179 1863 243; baseline -0.002 -13"><span class='ocrx_word' id='word_1_1' title='bbox 216 181 297 230; x_wconf 88' lang='lat'>676</span> <span class='ocrx_word' id='word_1_2' title='bbox 755 180 1046 241; x_wconf 71' lang='lat' dir='ltr'>Registmmz</span> <span class='ocrx_word' id='word_1_3' title='bbox 1082 179 1332 226; x_wconf 77' lang='lat' dir='ltr'>Hamonz&#39;s</span> <span class='ocrx_word' id='word_1_4' title='bbox 1601 179 1720 243; x_wconf 84' lang='lat' dir='ltr'>[A.D.</span> <span class='ocrx_word' id='word_1_5' title='bbox 1748 196 1762 225; x_wconf 92' lang='lat'>1</span> <span class='ocrx_word' id='word_1_6' title='bbox 1777 196 1837 240; x_wconf 83' lang='lat'>34</span> <span class='ocrx_word' id='word_1_7' title='bbox 1848 196 1863 227; x_wconf 93' lang='lat'>1</span> 
     </span>
    </p>
   </div>
   <div class='ocr_carea' id='block_1_2' title="bbox 217 309 1874 490">
    <p class='ocr_par' dir='ltr' id='par_1_2' title="bbox 217 309 1874 490">
     <span class='ocr_line' id='line_1_2' title="bbox 217 309 1872 366; baseline 0.001 -16"><span class='ocrx_word' id='word_1_8' title='bbox 217 309 378 351; x_wconf 80' lang='lat' dir='ltr'>mensis</span> <span class='ocrx_word' id='word_1_9' title='bbox 412 311 680 360; x_wconf 81' lang='lat' dir='ltr'><strong>Decembris,</strong></span> <span class='ocrx_word' id='word_1_10' title='bbox 713 310 915 353; x_wconf 88' lang='lat' dir='ltr'>videlicet</span> <span class='ocrx_word' id='word_1_11' title='bbox 948 310 1026 364; x_wconf 81' lang='lat' dir='ltr'><strong>xj0.</strong></span> <span class='ocrx_word' id='word_1_12' title='bbox 1062 310 1287 352; x_wconf 79' lang='lat' dir='ltr'>Kalendas</span> <span class='ocrx_word' id='word_1_13' title='bbox 1316 311 1514 366; x_wconf 89' lang='lat' dir='ltr'>Januarii</span> <span class='ocrx_word' id='word_1_14' title='bbox 1550 325 1668 352; x_wconf 89' lang='lat' dir='ltr'>anno</span> <span class='ocrx_word' id='word_1_15' title='bbox 1706 311 1872 353; x_wconf 87' lang='lat' dir='ltr'>domini</span> 
     </span>
     <span class='ocr_line' id='line_1_3' title="bbox 217 377 1874 435; baseline 0.002 -17"><span class='ocrx_word' id='word_1_16' title='bbox 217 377 447 419; x_wconf 93' lang='lat' dir='ltr'>millesimo</span> <span class='ocrx_word' id='word_1_17' title='bbox 480 386 615 420; x_wconf 78' lang='lat' dir='ltr'>ccc¹¹¹0.</span> <span class='ocrx_word' id='word_1_18' title='bbox 652 379 994 434; x_wconf 85' lang='lat' dir='ltr'>quadragesimo</span> <span class='ocrx_word' id='word_1_19' title='bbox 1036 379 1182 433; x_wconf 90' lang='lat' dir='ltr'>primo</span> <span class='ocrx_word' id='word_1_20' title='bbox 1224 379 1267 420; x_wconf 93' lang='lat' dir='ltr'>in</span> <span class='ocrx_word' id='word_1_21' title='bbox 1310 379 1493 421; x_wconf 88' lang='lat' dir='ltr'>ecclesia</span> <span class='ocrx_word' id='word_1_22' title='bbox 1534 379 1776 435; x_wconf 79' lang='lat' dir='ltr'>parochiali</span> <span class='ocrx_word' id='word_1_23' title='bbox 1817 381 1874 421; x_wconf 92' lang='lat' dir='ltr'>de</span> 
     </span>
     <span class='ocr_line' id='line_1_4' title="bbox 217 447 518 490; baseline 0.007 -3"><span class='ocrx_word' id='word_1_24' title='bbox 217 447 518 490; x_wconf 82' lang='lat' dir='ltr'>Trottesclive.</span> 
     </span>
    </p>
   </div>
   <div class='ocr_carea' id='block_1_3' title="bbox 220 597 1264 686">
    <p class='ocr_par' dir='ltr' id='par_1_3' title="bbox 220 597 1264 686">
     <span class='ocr_line' id='line_1_5' title="bbox 827 597 1264 638; baseline 0 0"><span class='ocrx_word' id='word_1_25' title='bbox 827 597 999 638; x_wconf 73' lang='lat' dir='ltr'>Prima</span> <span class='ocrx_word' id='word_1_26' title='bbox 1033 598 1077 637; x_wconf 85' lang='lat' dir='ltr'><em>T</em></span> <span class='ocrx_word' id='word_1_27' title='bbox 1073 611 1264 638; x_wconf 68' lang='lat' dir='ltr'>onsura.</span> 
     </span>
     <span class='ocr_line' id='line_1_6' title="bbox 220 655 373 686; baseline 0.013 -2"><span class='ocrx_word' id='word_1_28' title='bbox 220 655 301 686; x_wconf 89' lang='lat' dir='ltr'>Dec.</span> <span class='ocrx_word' id='word_1_29' title='bbox 321 656 373 686; x_wconf 83' lang='lat'>26.</span> 
     </span>
    </p>
   </div>
   <div class='ocr_carea' id='block_1_4' title="bbox 312 709 910 754">
    <p class='ocr_par' dir='ltr' id='par_1_4' title="bbox 312 709 910 754">
     <span class='ocr_line' id='line_1_7' title="bbox 312 709 910 754; baseline -0.002 -11"><span class='ocrx_word' id='word_1_30' title='bbox 312 710 427 754; x_wconf 80' lang='lat' dir='ltr'>[First</span> <span class='ocrx_word' id='word_1_31' title='bbox 445 714 595 743; x_wconf 79' lang='lat' dir='ltr'>tonsure</span> <span class='ocrx_word' id='word_1_32' title='bbox 614 709 655 742; x_wconf 90' lang='lat' dir='ltr'>of</span> <span class='ocrx_word' id='word_1_33' title='bbox 669 713 744 743; x_wconf 86' lang='lat' dir='ltr'>two</span> <span class='ocrx_word' id='word_1_34' title='bbox 763 709 910 753; x_wconf 68' lang='lat' dir='ltr'>clerks]</span> 
     </span>
    </p>
   </div>
   <div class='ocr_carea' id='block_1_5' title="bbox 216 777 1874 1108">
    <p class='ocr_par' dir='ltr' id='par_1_5' title="bbox 216 777 1874 1108">
     <span class='ocr_line' id='line_1_8' title="bbox 333 777 1873 834; baseline 0.001 -16"><span class='ocrx_word' id='word_1_35' title='bbox 333 779 441 819; x_wconf 91' lang='lat' dir='ltr'>Item</span> <span class='ocrx_word' id='word_1_36' title='bbox 461 778 533 818; x_wconf 93' lang='lat' dir='ltr'>die</span> <span class='ocrx_word' id='word_1_37' title='bbox 554 777 691 819; x_wconf 88' lang='lat' dir='ltr'>sancti</span> <span class='ocrx_word' id='word_1_38' title='bbox 715 777 942 832; x_wconf 81' lang='lat' dir='ltr'>Stephani,</span> <span class='ocrx_word' id='word_1_39' title='bbox 964 777 1169 820; x_wconf 90' lang='lat' dir='ltr'>videlicet</span> <span class='ocrx_word' id='word_1_40' title='bbox 1190 778 1279 833; x_wconf 82' lang='lat' dir='ltr'>vij0.</span> <span class='ocrx_word' id='word_1_41' title='bbox 1304 778 1529 820; x_wconf 79' lang='lat' dir='ltr'>Kalendas</span> <span class='ocrx_word' id='word_1_42' title='bbox 1541 777 1739 834; x_wconf 90' lang='lat' dir='ltr'>Januarii</span> <span class='ocrx_word' id='word_1_43' title='bbox 1756 791 1873 819; x_wconf 92' lang='lat' dir='ltr'>anno</span> 
     </span>
     <span class='ocr_line' id='line_1_9' title="bbox 217 846 1873 901; baseline -0.001 -13"><span class='ocrx_word' id='word_1_44' title='bbox 217 847 382 888; x_wconf 91' lang='lat' dir='ltr'>domini</span> <span class='ocrx_word' id='word_1_45' title='bbox 399 846 611 901; x_wconf 78' lang='lat' dir='ltr'>proximo</span> <span class='ocrx_word' id='word_1_46' title='bbox 628 847 886 901; x_wconf 88' lang='lat' dir='ltr'>supradicto</span> <span class='ocrx_word' id='word_1_47' title='bbox 903 846 947 887; x_wconf 90' lang='lat' dir='ltr'>in</span> <span class='ocrx_word' id='word_1_48' title='bbox 964 846 1136 901; x_wconf 86' lang='lat' dir='ltr'>capella</span> <span class='ocrx_word' id='word_1_49' title='bbox 1153 848 1208 888; x_wconf 92' lang='lat' dir='ltr'>de</span> <span class='ocrx_word' id='word_1_50' title='bbox 1226 847 1519 889; x_wconf 87' lang='lat' dir='ltr'>Trottesclive</span> <span class='ocrx_word' id='word_1_51' title='bbox 1537 847 1745 889; x_wconf 91' lang='lat' dir='ltr'>dominus</span> <span class='ocrx_word' id='word_1_52' title='bbox 1758 847 1873 889; x_wconf 91' lang='lat' dir='ltr'>ordi-</span> 
     </span>
     <span class='ocr_line' id='line_1_10' title="bbox 218 914 1873 969; baseline 0 -13"><span class='ocrx_word' id='word_1_53' title='bbox 218 916 336 957; x_wconf 90' lang='lat' dir='ltr'>navit</span> <span class='ocrx_word' id='word_1_54' title='bbox 365 916 421 956; x_wconf 89' lang='lat' dir='ltr'>ad</span> <span class='ocrx_word' id='word_1_55' title='bbox 452 915 640 969; x_wconf 77' lang='lat' dir='ltr'>primam</span> <span class='ocrx_word' id='word_1_56' title='bbox 672 925 897 956; x_wconf 78' lang='lat' dir='ltr'>tonsuram</span> <span class='ocrx_word' id='word_1_57' title='bbox 931 916 1179 957; x_wconf 91' lang='lat' dir='ltr'>Robertum</span> <span class='ocrx_word' id='word_1_58' title='bbox 1210 926 1299 957; x_wconf 88' lang='lat' dir='ltr'>atte</span> <span class='ocrx_word' id='word_1_59' title='bbox 1333 916 1474 957; x_wconf 88' lang='lat' dir='ltr'>Berue</span> <span class='ocrx_word' id='word_1_60' title='bbox 1503 916 1643 957; x_wconf 89' lang='lat' dir='ltr'>filium</span> <span class='ocrx_word' id='word_1_61' title='bbox 1664 914 1873 957; x_wconf 87' lang='lat' dir='ltr'>Willelmi</span> 
     </span>
     <span class='ocr_line' id='line_1_11' title="bbox 216 984 1874 1041; baseline -0.001 -16"><span class='ocrx_word' id='word_1_62' title='bbox 216 994 305 1025; x_wconf 85' lang='lat' dir='ltr'>atte</span> <span class='ocrx_word' id='word_1_63' title='bbox 328 985 469 1025; x_wconf 84' lang='lat' dir='ltr'>Berue</span> <span class='ocrx_word' id='word_1_64' title='bbox 490 985 546 1025; x_wconf 89' lang='lat' dir='ltr'>de</span> <span class='ocrx_word' id='word_1_65' title='bbox 568 984 797 1026; x_wconf 89' lang='lat' dir='ltr'>Cobeham</span> <span class='ocrx_word' id='word_1_66' title='bbox 827 994 871 1025; x_wconf 89' lang='lat' dir='ltr'>et</span> <span class='ocrx_word' id='word_1_67' title='bbox 893 985 1141 1026; x_wconf 90' lang='lat' dir='ltr'>Robertum</span> <span class='ocrx_word' id='word_1_68' title='bbox 1168 985 1478 1039; x_wconf 87' lang='lat' dir='ltr'>Hornyndone</span> <span class='ocrx_word' id='word_1_69' title='bbox 1506 985 1643 1026; x_wconf 90' lang='lat' dir='ltr'>filium</span> <span class='ocrx_word' id='word_1_70' title='bbox 1661 984 1874 1041; x_wconf 88' lang='lat' dir='ltr'>Johannis</span> 
     </span>
     <span class='ocr_line' id='line_1_12' title="bbox 218 1052 1090 1108; baseline 0.001 -14"><span class='ocrx_word' id='word_1_71' title='bbox 218 1053 527 1107; x_wconf 88' lang='lat' dir='ltr'>Hornyndone</span> <span class='ocrx_word' id='word_1_72' title='bbox 548 1053 603 1094; x_wconf 92' lang='lat' dir='ltr'>de</span> <span class='ocrx_word' id='word_1_73' title='bbox 625 1052 856 1094; x_wconf 91' lang='lat' dir='ltr'>Cobeham</span> <span class='ocrx_word' id='word_1_74' title='bbox 878 1053 1090 1108; x_wconf 85' lang='lat' dir='ltr'>predicta.</span> 
     </span>
    </p>
   </div>
   <div class='ocr_carea' id='block_1_6' title="bbox 975 1249 1118 1303">
    <p class='ocr_par' dir='ltr' id='par_1_6' title="bbox 975 1249 1118 1303">
     <span class='ocr_line' id='line_1_13' title="bbox 975 1249 1118 1303; baseline 0 -14"><span class='ocrx_word' id='word_1_75' title='bbox 975 1249 1118 1303; x_wconf 70' lang='lat' dir='ltr'>Rqffa.</span> 
     </span>
    </p>
   </div>
   <div class='ocr_carea' id='block_1_7' title="bbox 216 1317 1271 1460">
    <p class='ocr_par' dir='ltr' id='par_1_7' title="bbox 216 1317 1271 1460">
     <span class='ocr_line' id='line_1_14' title="bbox 222 1317 314 1346; baseline 0.011 -10"><span class='ocrx_word' id='word_1_76' title='bbox 222 1317 314 1346; x_wconf 79' lang='lat'>1342.</span> 
     </span>
     <span class='ocr_line' id='line_1_15' title="bbox 216 1362 346 1399; baseline 0 -8"><span class='ocrx_word' id='word_1_77' title='bbox 216 1362 295 1399; x_wconf 85' lang='lat' dir='ltr'>Jan.</span> <span class='ocrx_word' id='word_1_78' title='bbox 315 1372 346 1398; x_wconf 87' lang='lat'>4.</span> 
     </span>
     <span class='ocr_line' id='line_1_16' title="bbox 312 1414 1271 1460; baseline 0 -12"><span class='ocrx_word' id='word_1_79' title='bbox 312 1416 593 1460; x_wconf 78' lang='lat' dir='ltr'>[Appointment</span> <span class='ocrx_word' id='word_1_80' title='bbox 613 1415 654 1449; x_wconf 90' lang='lat' dir='ltr'>of</span> <span class='ocrx_word' id='word_1_81' title='bbox 670 1415 767 1460; x_wconf 90' lang='lat' dir='ltr'>John</span> <span class='ocrx_word' id='word_1_82' title='bbox 786 1415 827 1449; x_wconf 93' lang='lat' dir='ltr'>of</span> <span class='ocrx_word' id='word_1_83' title='bbox 842 1415 982 1449; x_wconf 80' lang='lat' dir='ltr'>Oxford</span> <span class='ocrx_word' id='word_1_84' title='bbox 1002 1426 1040 1448; x_wconf 85' lang='lat' dir='ltr'>as</span> <span class='ocrx_word' id='word_1_85' title='bbox 1059 1414 1271 1459; x_wconf 85' lang='lat' dir='ltr'>sub-prior.]</span> 
     </span>
    </p>
   </div>
   <div class='ocr_carea' id='block_1_8' title="bbox 216 1484 1876 1871">
    <p class='ocr_par' dir='ltr' id='par_1_8' title="bbox 216 1484 1876 1871">
     <span class='ocr_line' id='line_1_17' title="bbox 336 1484 1875 1539; baseline 0 -14"><span class='ocrx_word' id='word_1_86' title='bbox 336 1484 418 1525; x_wconf 94' lang='lat' dir='ltr'>Die</span> <span class='ocrx_word' id='word_1_87' title='bbox 453 1484 651 1535; x_wconf 81' lang='lat' dir='ltr'>Veneris,</span> <span class='ocrx_word' id='word_1_88' title='bbox 693 1484 895 1526; x_wconf 90' lang='lat' dir='ltr'>videlicet</span> <span class='ocrx_word' id='word_1_89' title='bbox 937 1484 1079 1538; x_wconf 88' lang='lat' dir='ltr'>pridie</span> <span class='ocrx_word' id='word_1_90' title='bbox 1123 1485 1272 1525; x_wconf 91' lang='lat' dir='ltr'>Nonas</span> <span class='ocrx_word' id='word_1_91' title='bbox 1304 1484 1515 1539; x_wconf 87' lang='lat' dir='ltr'>Januarii,</span> <span class='ocrx_word' id='word_1_92' title='bbox 1552 1499 1668 1526; x_wconf 89' lang='lat' dir='ltr'>anno</span> <span class='ocrx_word' id='word_1_93' title='bbox 1708 1485 1875 1526; x_wconf 88' lang='lat' dir='ltr'>domini</span> 
     </span>
     <span class='ocr_line' id='line_1_18' title="bbox 216 1553 1875 1608; baseline 0.001 -14"><span class='ocrx_word' id='word_1_94' title='bbox 216 1553 428 1608; x_wconf 87' lang='lat' dir='ltr'>proximo</span> <span class='ocrx_word' id='word_1_95' title='bbox 459 1553 716 1608; x_wconf 90' lang='lat' dir='ltr'>supradicto</span> <span class='ocrx_word' id='word_1_96' title='bbox 748 1553 792 1593; x_wconf 90' lang='lat' dir='ltr'>in</span> <span class='ocrx_word' id='word_1_97' title='bbox 824 1553 995 1608; x_wconf 90' lang='lat' dir='ltr'>capella</span> <span class='ocrx_word' id='word_1_98' title='bbox 1030 1554 1085 1594; x_wconf 91' lang='lat' dir='ltr'>de</span> <span class='ocrx_word' id='word_1_99' title='bbox 1117 1553 1413 1595; x_wconf 87' lang='lat' dir='ltr'>Trottesclive</span> <span class='ocrx_word' id='word_1_100' title='bbox 1450 1554 1657 1595; x_wconf 90' lang='lat' dir='ltr'>dominus</span> <span class='ocrx_word' id='word_1_101' title='bbox 1690 1553 1875 1596; x_wconf 88' lang='lat' dir='ltr'>absolvit</span> 
     </span>
     <span class='ocr_line' id='line_1_19' title="bbox 217 1622 1876 1677; baseline 0 -14"><span class='ocrx_word' id='word_1_102' title='bbox 217 1625 395 1664; x_wconf 88' lang='lat' dir='ltr'>fratrem</span> <span class='ocrx_word' id='word_1_103' title='bbox 419 1622 665 1677; x_wconf 89' lang='lat' dir='ltr'>Johannem</span> <span class='ocrx_word' id='word_1_104' title='bbox 696 1623 751 1664; x_wconf 90' lang='lat' dir='ltr'>de</span> <span class='ocrx_word' id='word_1_105' title='bbox 782 1622 994 1663; x_wconf 86' lang='lat' dir='ltr'>Hwitfeld</span> <span class='ocrx_word' id='word_1_106' title='bbox 1024 1623 1080 1663; x_wconf 90' lang='lat' dir='ltr'>ab</span> <span class='ocrx_word' id='word_1_107' title='bbox 1110 1622 1256 1663; x_wconf 90' lang='lat' dir='ltr'>officio</span> <span class='ocrx_word' id='word_1_108' title='bbox 1288 1622 1599 1677; x_wconf 87' lang='lat' dir='ltr'>supprioratus</span> <span class='ocrx_word' id='word_1_109' title='bbox 1624 1623 1876 1664; x_wconf 88' lang='lat' dir='ltr'>monasterii</span> 
     </span>
     <span class='ocr_line' id='line_1_20' title="bbox 217 1690 1875 1746; baseline 0 -14"><span class='ocrx_word' id='word_1_110' title='bbox 217 1691 454 1741; x_wconf 85' lang='lat' dir='ltr'>Roffensis‚</span> <span class='ocrx_word' id='word_1_111' title='bbox 482 1702 526 1732; x_wconf 88' lang='lat' dir='ltr'>et</span> <span class='ocrx_word' id='word_1_112' title='bbox 559 1691 735 1732; x_wconf 86' lang='lat' dir='ltr'>admisit</span> <span class='ocrx_word' id='word_1_113' title='bbox 760 1701 803 1732; x_wconf 93' lang='lat' dir='ltr'>et</span> <span class='ocrx_word' id='word_1_114' title='bbox 829 1691 1015 1746; x_wconf 86' lang='lat' dir='ltr'>prefecit</span> <span class='ocrx_word' id='word_1_115' title='bbox 1047 1692 1226 1732; x_wconf 88' lang='lat' dir='ltr'>fratrem</span> <span class='ocrx_word' id='word_1_116' title='bbox 1247 1690 1497 1746; x_wconf 90' lang='lat' dir='ltr'>Johannem</span> <span class='ocrx_word' id='word_1_117' title='bbox 1524 1692 1580 1732; x_wconf 92' lang='lat' dir='ltr'>de</span> <span class='ocrx_word' id='word_1_118' title='bbox 1609 1692 1791 1733; x_wconf 85' lang='lat' dir='ltr'>Oxonia</span> <span class='ocrx_word' id='word_1_119' title='bbox 1818 1691 1875 1733; x_wconf 91' lang='lat' dir='ltr'>ad</span> 
     </span>
     <span class='ocr_line' id='line_1_21' title="bbox 216 1760 1874 1816; baseline 0.001 -15"><span class='ocrx_word' id='word_1_120' title='bbox 216 1760 595 1814; x_wconf 88' lang='lat' dir='ltr'>presentacionem</span> <span class='ocrx_word' id='word_1_121' title='bbox 616 1760 776 1814; x_wconf 88' lang='lat' dir='ltr'>prioris</span> <span class='ocrx_word' id='word_1_122' title='bbox 798 1770 841 1801; x_wconf 89' lang='lat' dir='ltr'>et</span> <span class='ocrx_word' id='word_1_123' title='bbox 868 1760 1046 1815; x_wconf 89' lang='lat' dir='ltr'>capituli</span> <span class='ocrx_word' id='word_1_124' title='bbox 1073 1760 1271 1814; x_wconf 88' lang='lat' dir='ltr'>ejusdem</span> <span class='ocrx_word' id='word_1_125' title='bbox 1298 1760 1383 1801; x_wconf 91' lang='lat' dir='ltr'>loci</span> <span class='ocrx_word' id='word_1_126' title='bbox 1415 1762 1471 1802; x_wconf 92' lang='lat' dir='ltr'>ad</span> <span class='ocrx_word' id='word_1_127' title='bbox 1500 1761 1693 1802; x_wconf 88' lang='lat' dir='ltr'>officium</span> <span class='ocrx_word' id='word_1_128' title='bbox 1723 1776 1874 1816; x_wconf 87' lang='lat' dir='ltr'>supra-</span> 
     </span>
     <span class='ocr_line' id='line_1_22' title="bbox 217 1829 852 1871; baseline -0.002 -1"><span class='ocrx_word' id='word_1_129' title='bbox 217 1829 382 1870; x_wconf 86' lang='lat' dir='ltr'>dictum</span> <span class='ocrx_word' id='word_1_130' title='bbox 405 1829 449 1869; x_wconf 89' lang='lat' dir='ltr'>in</span> <span class='ocrx_word' id='word_1_131' title='bbox 472 1830 610 1869; x_wconf 86' lang='lat' dir='ltr'>forma</span> <span class='ocrx_word' id='word_1_132' title='bbox 631 1840 852 1871; x_wconf 89' lang='lat' dir='ltr'>consueta.</span> 
     </span>
    </p>
   </div>
   <div class='ocr_carea' id='block_1_9' title="bbox 215 1981 1249 2076">
    <p class='ocr_par' dir='ltr' id='par_1_9' title="bbox 215 1981 1249 2076">
     <span class='ocr_line' id='line_1_23' title="bbox 842 1981 1249 2022; baseline 0.005 -2"><span class='ocrx_word' id='word_1_133' title='bbox 842 1981 1015 2021; x_wconf 67' lang='lat' dir='ltr'>Prima</span> <span class='ocrx_word' id='word_1_134' title='bbox 1037 1985 1249 2022; x_wconf 67' lang='lat' dir='ltr'>lausum.</span> 
     </span>
     <span class='ocr_line' id='line_1_24' title="bbox 215 2038 362 2076; baseline 0 -8"><span class='ocrx_word' id='word_1_135' title='bbox 215 2038 291 2075; x_wconf 87' lang='lat' dir='ltr'>Jan.</span> <span class='ocrx_word' id='word_1_136' title='bbox 314 2047 362 2076; x_wconf 90' lang='lat'>17.</span> 
     </span>
    </p>
   </div>
   <div class='ocr_carea' id='block_1_10' title="bbox 313 2091 1636 2136">
    <p class='ocr_par' dir='ltr' id='par_1_10' title="bbox 313 2091 1636 2136">
     <span class='ocr_line' id='line_1_25' title="bbox 313 2091 1636 2136; baseline 0.002 -11"><span class='ocrx_word' id='word_1_137' title='bbox 313 2092 423 2136; x_wconf 87' lang='lat' dir='ltr'>[First</span> <span class='ocrx_word' id='word_1_138' title='bbox 442 2096 590 2125; x_wconf 84' lang='lat' dir='ltr'>tonsure</span> <span class='ocrx_word' id='word_1_139' title='bbox 610 2091 683 2125; x_wconf 85' lang='lat' dir='ltr'>ofa</span> <span class='ocrx_word' id='word_1_140' title='bbox 702 2091 801 2125; x_wconf 87' lang='lat' dir='ltr'>clerk</span> <span class='ocrx_word' id='word_1_141' title='bbox 822 2092 857 2125; x_wconf 88' lang='lat' dir='ltr'>in</span> <span class='ocrx_word' id='word_1_142' title='bbox 879 2091 1119 2125; x_wconf 85' lang='lat' dir='ltr'>Trottiscliffe</span> <span class='ocrx_word' id='word_1_143' title='bbox 1138 2092 1276 2135; x_wconf 81' lang='lat' dir='ltr'>chapel.</span> <span class='ocrx_word' id='word_1_144' title='bbox 1331 2091 1415 2127; x_wconf 78' lang='lat' dir='ltr'>xvii.</span> <span class='ocrx_word' id='word_1_145' title='bbox 1438 2091 1522 2127; x_wconf 88' lang='lat' dir='ltr'>Kal.</span> <span class='ocrx_word' id='word_1_146' title='bbox 1548 2093 1636 2128; x_wconf 84' lang='lat' dir='ltr'>Feb.</span> 
     </span>
    </p>
   </div>
   <div class='ocr_carea' id='block_1_11' title="bbox 219 2184 1446 2273">
    <p class='ocr_par' dir='ltr' id='par_1_11' title="bbox 219 2184 1446 2273">
     <span class='ocr_line' id='line_1_26' title="bbox 219 2184 370 2214; baseline 0.007 -1"><span class='ocrx_word' id='word_1_147' title='bbox 219 2184 298 2214; x_wconf 88' lang='lat' dir='ltr'>Feb.</span> <span class='ocrx_word' id='word_1_148' title='bbox 318 2194 370 2214; x_wconf 84' lang='lat'>21.</span> 
     </span>
     <span class='ocr_line' id='line_1_27' title="bbox 314 2237 1446 2273; baseline 0.002 -2"><span class='ocrx_word' id='word_1_149' title='bbox 314 2239 409 2272; x_wconf 86' lang='lat' dir='ltr'>First</span> <span class='ocrx_word' id='word_1_150' title='bbox 428 2242 579 2271; x_wconf 83' lang='lat' dir='ltr'>tonsure</span> <span class='ocrx_word' id='word_1_151' title='bbox 599 2237 640 2271; x_wconf 90' lang='lat' dir='ltr'>of</span> <span class='ocrx_word' id='word_1_152' title='bbox 654 2243 727 2271; x_wconf 83' lang='lat' dir='ltr'>two</span> <span class='ocrx_word' id='word_1_153' title='bbox 745 2238 863 2271; x_wconf 87' lang='lat' dir='ltr'>clerks</span> <span class='ocrx_word' id='word_1_154' title='bbox 884 2237 918 2271; x_wconf 91' lang='lat' dir='ltr'>in</span> <span class='ocrx_word' id='word_1_155' title='bbox 938 2238 1001 2271; x_wconf 86' lang='lat' dir='ltr'>the</span> <span class='ocrx_word' id='word_1_156' title='bbox 1020 2248 1128 2271; x_wconf 83' lang='lat' dir='ltr'>same.</span> <span class='ocrx_word' id='word_1_157' title='bbox 1180 2237 1229 2272; x_wconf 81' lang='lat' dir='ltr'>ix,</span> <span class='ocrx_word' id='word_1_158' title='bbox 1251 2237 1329 2271; x_wconf 84' lang='lat' dir='ltr'>Kal.</span> <span class='ocrx_word' id='word_1_159' title='bbox 1351 2237 1446 2273; x_wconf 82' lang='lat' dir='ltr'>Mar.</span> 
     </span>
    </p>
   </div>
   <div class='ocr_carea' id='block_1_12' title="bbox 219 2329 369 2369">
    <p class='ocr_par' dir='ltr' id='par_1_12' title="bbox 219 2329 369 2369">
     <span class='ocr_line' id='line_1_28' title="bbox 219 2329 369 2369; baseline 0 -9"><span class='ocrx_word' id='word_1_160' title='bbox 219 2329 296 2360; x_wconf 87' lang='lat' dir='ltr'>Feb.</span> <span class='ocrx_word' id='word_1_161' title='bbox 318 2340 369 2369; x_wconf 82' lang='lat'>23.</span> 
     </span>
    </p>
   </div>
   <div class='ocr_carea' id='block_1_13' title="bbox 314 2394 1873 2442">
    <p class='ocr_par' dir='ltr' id='par_1_13' title="bbox 314 2394 1873 2442">
     <span class='ocr_line' id='line_1_29' title="bbox 314 2394 1873 2442; baseline 0.001 -13"><span class='ocrx_word' id='word_1_162' title='bbox 314 2396 409 2429; x_wconf 85' lang='lat' dir='ltr'>First</span> <span class='ocrx_word' id='word_1_163' title='bbox 428 2400 577 2429; x_wconf 82' lang='lat' dir='ltr'>tonsure</span> <span class='ocrx_word' id='word_1_164' title='bbox 597 2394 638 2429; x_wconf 87' lang='lat' dir='ltr'>of</span> <span class='ocrx_word' id='word_1_165' title='bbox 652 2395 750 2438; x_wconf 86' lang='lat' dir='ltr'>eight</span> <span class='ocrx_word' id='word_1_166' title='bbox 769 2394 887 2429; x_wconf 88' lang='lat' dir='ltr'>clerks</span> <span class='ocrx_word' id='word_1_167' title='bbox 906 2396 939 2428; x_wconf 92' lang='lat' dir='ltr'>in</span> <span class='ocrx_word' id='word_1_168' title='bbox 959 2395 1020 2428; x_wconf 82' lang='lat' dir='ltr'>the</span> <span class='ocrx_word' id='word_1_169' title='bbox 1037 2406 1145 2429; x_wconf 83' lang='lat' dir='ltr'>same.</span> <span class='ocrx_word' id='word_1_170' title='bbox 1196 2395 1254 2429; x_wconf 78' lang='lat' dir='ltr'>vii.</span> <span class='ocrx_word' id='word_1_171' title='bbox 1278 2394 1357 2430; x_wconf 73' lang='lat' dir='ltr'>Kal.</span> <span class='ocrx_word' id='word_1_172' title='bbox 1378 2396 1472 2430; x_wconf 83' lang='lat' dir='ltr'>Mar.</span> <span class='ocrx_word' id='word_1_173' title='bbox 1526 2396 1659 2431; x_wconf 85' lang='lat' dir='ltr'>Names</span> <span class='ocrx_word' id='word_1_174' title='bbox 1679 2398 1713 2430; x_wconf 87' lang='lat' dir='ltr'>in</span> <span class='ocrx_word' id='word_1_175' title='bbox 1732 2397 1873 2442; x_wconf 67' lang='lat' dir='ltr'>digest]</span> 
     </span>
    </p>
   </div>
   <div class='ocr_carea' id='block_1_14' title="bbox 917 2571 1175 2625">
    <p class='ocr_par' dir='ltr' id='par_1_14' title="bbox 917 2571 1175 2625">
     <span class='ocr_line' id='line_1_30' title="bbox 917 2571 1175 2625; baseline 0 -14"><span class='ocrx_word' id='word_1_176' title='bbox 917 2571 1175 2625; x_wconf 70' lang='lat' dir='ltr'>Folcscrcye.</span> 
     </span>
    </p>
   </div>
   <div class='ocr_carea' id='block_1_15' title="bbox 217 2630 1875 2902">
    <p class='ocr_par' dir='ltr' id='par_1_15' title="bbox 220 2630 371 2660">
     <span class='ocr_line' id='line_1_31' title="bbox 220 2630 371 2660; baseline 0.013 -2"><span class='ocrx_word' id='word_1_177' title='bbox 220 2630 299 2659; x_wconf 86' lang='lat' dir='ltr'>Mar.</span> <span class='ocrx_word' id='word_1_178' title='bbox 323 2640 371 2660; x_wconf 80' lang='lat'>12.</span> 
     </span>
    </p>

    <p class='ocr_par' dir='ltr' id='par_1_16' title="bbox 217 2683 1875 2902">
     <span class='ocr_line' id='line_1_32' title="bbox 315 2683 1875 2729; baseline 0.002 -12"><span class='ocrx_word' id='word_1_179' title='bbox 315 2684 529 2717; x_wconf 82' lang='lat' dir='ltr'>Institution</span> <span class='ocrx_word' id='word_1_180' title='bbox 547 2683 589 2717; x_wconf 89' lang='lat' dir='ltr'>of</span> <span class='ocrx_word' id='word_1_181' title='bbox 603 2683 769 2717; x_wconf 85' lang='lat' dir='ltr'>Thomas</span> <span class='ocrx_word' id='word_1_182' title='bbox 785 2683 900 2716; x_wconf 83' lang='lat' dir='ltr'>called</span> <span class='ocrx_word' id='word_1_183' title='bbox 919 2684 927 2700; x_wconf 93' lang='lat'><em>‘</em></span> <span class='ocrx_word' id='word_1_184' title='bbox 943 2683 1133 2726; x_wconf 84' lang='lat' dir='ltr'>Schepher</span> <span class='ocrx_word' id='word_1_185' title='bbox 1145 2684 1152 2697; x_wconf 94' lang='lat'>&#39;</span> <span class='ocrx_word' id='word_1_186' title='bbox 1172 2683 1213 2716; x_wconf 88' lang='lat' dir='ltr'>of</span> <span class='ocrx_word' id='word_1_187' title='bbox 1230 2684 1545 2728; x_wconf 80' lang='lat' dir='ltr'>Berkhampstcad</span> <span class='ocrx_word' id='word_1_188' title='bbox 1566 2685 1875 2729; x_wconf 70' lang='lat' dir='ltr'>(Bet-khamstede),</span> 
     </span>
     <span class='ocr_line' id='line_1_33' title="bbox 218 2741 1873 2788; baseline 0.002 -13"><span class='ocrx_word' id='word_1_189' title='bbox 218 2743 287 2776; x_wconf 85' lang='lat' dir='ltr'>clk.</span> <span class='ocrx_word' id='word_1_190' title='bbox 319 2747 358 2776; x_wconf 87' lang='lat' dir='ltr'>to</span> <span class='ocrx_word' id='word_1_191' title='bbox 393 2743 505 2775; x_wconf 81' lang='lat' dir='ltr'>Foots</span> <span class='ocrx_word' id='word_1_192' title='bbox 537 2743 632 2784; x_wconf 82' lang='lat' dir='ltr'>Cray</span> <span class='ocrx_word' id='word_1_193' title='bbox 664 2743 709 2775; x_wconf 89' lang='lat' dir='ltr'>R.</span> <span class='ocrx_word' id='word_1_194' title='bbox 738 2741 820 2774; x_wconf 87' lang='lat' dir='ltr'>void</span> <span class='ocrx_word' id='word_1_195' title='bbox 851 2741 898 2784; x_wconf 90' lang='lat' dir='ltr'>by</span> <span class='ocrx_word' id='word_1_196' title='bbox 929 2741 993 2774; x_wconf 86' lang='lat' dir='ltr'>the</span> <span class='ocrx_word' id='word_1_197' title='bbox 1028 2741 1249 2783; x_wconf 80' lang='lat' dir='ltr'>resignation</span> <span class='ocrx_word' id='word_1_198' title='bbox 1280 2742 1321 2775; x_wconf 92' lang='lat' dir='ltr'>of</span> <span class='ocrx_word' id='word_1_199' title='bbox 1350 2743 1511 2776; x_wconf 82' lang='lat' dir='ltr'>william</span> <span class='ocrx_word' id='word_1_200' title='bbox 1542 2744 1588 2778; x_wconf 89' lang='lat' dir='ltr'>de</span> <span class='ocrx_word' id='word_1_201' title='bbox 1620 2745 1873 2788; x_wconf 83' lang='lat' dir='ltr'>Tetlyngberi.</span> 
     </span>
     <span class='ocr_line' id='line_1_34' title="bbox 220 2798 1875 2842; baseline 0.002 -9"><span class='ocrx_word' id='word_1_202' title='bbox 220 2801 395 2835; x_wconf 73' lang='lat' dir='ltr'>Pan-ons:</span> <span class='ocrx_word' id='word_1_203' title='bbox 425 2800 464 2835; x_wconf 88' lang='lat' dir='ltr'>P.</span> <span class='ocrx_word' id='word_1_204' title='bbox 485 2801 556 2833; x_wconf 88' lang='lat' dir='ltr'>and</span> <span class='ocrx_word' id='word_1_205' title='bbox 577 2799 617 2833; x_wconf 93' lang='lat' dir='ltr'>C.</span> <span class='ocrx_word' id='word_1_206' title='bbox 638 2799 679 2832; x_wconf 84' lang='lat' dir='ltr'>of</span> <span class='ocrx_word' id='word_1_207' title='bbox 694 2800 747 2834; x_wconf 85' lang='lat' dir='ltr'>St.</span> <span class='ocrx_word' id='word_1_208' title='bbox 770 2798 918 2842; x_wconf 84' lang='lat' dir='ltr'>Mary’s,</span> <span class='ocrx_word' id='word_1_209' title='bbox 939 2798 1167 2834; x_wconf 79' lang='lat' dir='ltr'>Southwark.</span> <span class='ocrx_word' id='word_1_210' title='bbox 1204 2800 1300 2833; x_wconf 81' lang='lat' dir='ltr'>Oath</span> <span class='ocrx_word' id='word_1_211' title='bbox 1321 2799 1363 2833; x_wconf 85' lang='lat' dir='ltr'>of</span> <span class='ocrx_word' id='word_1_212' title='bbox 1377 2801 1594 2837; x_wconf 89' lang='lat' dir='ltr'>obedience.</span> <span class='ocrx_word' id='word_1_213' title='bbox 1633 2802 1875 2836; x_wconf 86' lang='lat' dir='ltr'>Trottiscliffe</span> 
     </span>
     <span class='ocr_line' id='line_1_35' title="bbox 217 2858 705 2902; baseline 0.002 -11"><span class='ocrx_word' id='word_1_214' title='bbox 217 2859 355 2902; x_wconf 85' lang='lat' dir='ltr'>chapel.</span> <span class='ocrx_word' id='word_1_215' title='bbox 407 2858 467 2902; x_wconf 79' lang='lat' dir='ltr'>iiij.</span> <span class='ocrx_word' id='word_1_216' title='bbox 490 2858 542 2892; x_wconf 86' lang='lat' dir='ltr'>ld.</span> <span class='ocrx_word' id='word_1_217' title='bbox 564 2858 705 2892; x_wconf 86' lang='lat' dir='ltr'>March.</span> 
     </span>
    </p>
   </div>
   <div class='ocr_carea' id='block_1_16' title="bbox 221 2944 1282 3042">
    <p class='ocr_par' dir='ltr' id='par_1_17' title="bbox 221 2944 1282 3042">
     <span class='ocr_line' id='line_1_36' title="bbox 221 2944 375 2974; baseline 0.006 -1"><span class='ocrx_word' id='word_1_218' title='bbox 221 2944 303 2974; x_wconf 83' lang='lat' dir='ltr'>Mar.</span> <span class='ocrx_word' id='word_1_219' title='bbox 328 2946 375 2974; x_wconf 86' lang='lat'>16.</span> 
     </span>
     <span class='ocr_line' id='line_1_37' title="bbox 316 2997 1282 3042; baseline 0.002 -12"><span class='ocrx_word' id='word_1_220' title='bbox 316 2998 548 3041; x_wconf 82' lang='lat' dir='ltr'>[Ordination</span> <span class='ocrx_word' id='word_1_221' title='bbox 569 3002 605 3031; x_wconf 83' lang='lat' dir='ltr'>at</span> <span class='ocrx_word' id='word_1_222' title='bbox 625 2997 877 3031; x_wconf 79' lang='lat' dir='ltr'>Trottiscliffe.</span> <span class='ocrx_word' id='word_1_223' title='bbox 931 2997 1065 3030; x_wconf 80' lang='lat' dir='ltr'>Names</span> <span class='ocrx_word' id='word_1_224' title='bbox 1084 2998 1118 3030; x_wconf 88' lang='lat' dir='ltr'>in</span> <span class='ocrx_word' id='word_1_225' title='bbox 1138 2998 1282 3042; x_wconf 85' lang='lat' dir='ltr'>digest.]</span> 
     </span>
    </p>
   </div>
   <div class='ocr_carea' id='block_1_17' title="bbox 221 3066 1872 3190">
    <p class='ocr_par' dir='ltr' id='par_1_18' title="bbox 221 3066 1872 3190">
     <span class='ocr_line' id='line_1_38' title="bbox 340 3066 1872 3120; baseline 0.003 -13"><span class='ocrx_word' id='word_1_226' title='bbox 340 3067 531 3107; x_wconf 85' lang='lat' dir='ltr'>Ordines</span> <span class='ocrx_word' id='word_1_227' title='bbox 562 3066 768 3108; x_wconf 88' lang='lat' dir='ltr'>celebrati</span> <span class='ocrx_word' id='word_1_228' title='bbox 802 3080 883 3120; x_wconf 89' lang='lat' dir='ltr'>per</span> <span class='ocrx_word' id='word_1_229' title='bbox 913 3066 1208 3108; x_wconf 82' lang='lat' dir='ltr'>venerabilem</span> <span class='ocrx_word' id='word_1_230' title='bbox 1241 3078 1414 3120; x_wconf 84' lang='lat' dir='ltr'>patrem</span> <span class='ocrx_word' id='word_1_231' title='bbox 1446 3068 1674 3110; x_wconf 91' lang='lat' dir='ltr'>dominum</span> <span class='ocrx_word' id='word_1_232' title='bbox 1712 3070 1768 3111; x_wconf 92' lang='lat' dir='ltr'>H.</span> <span class='ocrx_word' id='word_1_233' title='bbox 1802 3070 1872 3111; x_wconf 89' lang='lat' dir='ltr'>dei</span> 
     </span>
     <span class='ocr_line' id='line_1_39' title="bbox 221 3134 1872 3190; baseline 0.004 -16"><span class='ocrx_word' id='word_1_234' title='bbox 221 3135 370 3188; x_wconf 76' lang='lat' dir='ltr'>gracia</span> <span class='ocrx_word' id='word_1_235' title='bbox 402 3135 657 3176; x_wconf 81' lang='lat' dir='ltr'>Roffensem</span> <span class='ocrx_word' id='word_1_236' title='bbox 693 3135 952 3189; x_wconf 90' lang='lat' dir='ltr'>episcopum</span> <span class='ocrx_word' id='word_1_237' title='bbox 990 3135 1062 3175; x_wconf 87' lang='lat' dir='ltr'>die</span> <span class='ocrx_word' id='word_1_238' title='bbox 1099 3134 1282 3176; x_wconf 86' lang='lat' dir='ltr'>Sabbati</span> <span class='ocrx_word' id='word_1_239' title='bbox 1320 3151 1408 3190; x_wconf 87' lang='lat' dir='ltr'>qua</span> <span class='ocrx_word' id='word_1_240' title='bbox 1444 3147 1645 3178; x_wconf 89' lang='lat' dir='ltr'>cantatur</span> <span class='ocrx_word' id='word_1_241' title='bbox 1680 3139 1872 3180; x_wconf 89' lang='lat' dir='ltr'>officium</span> 
     </span>
    </p>
   </div>
  </div>
 </body>
</html>
