1925 3451
114 204 157 234 A.
167 204 211 233 D.
236 204 250 233 1
265 202 324 246 34
333 185 381 249 2]
687 185 919 248 Episcopi
951 184 1191 245 Roſj‘mszk
1687 182 1767 232 633

116 320 189 360 [Fo.
213 321 273 358 198
287 319 335 359 b.]

742 373 914 414 Prima
935 378 1147 413 tonsura.

112 443 202 481 June
220 453 271 482 23.

209 497 326 542 [First
344 502 496 531 tonsure
514 496 556 530 of
571 496 735 530 Thomas
755 497 800 530 de
824 495 1030 539 Rokeslee.]

232 567 340 608 Item
364 566 430 607 ix⁰
450 566 674 607 Kalendas
689 565 794 621 Julii
815 579 933 606 anno
954 565 1164 619 proximo
1186 563 1440 618 supradicto
1462 563 1505 603 in
1527 560 1696 615 capella
1715 560 1770 600 de

115 635 410 677 Trottesclive
454 635 660 676 dominus
694 634 913 676 ordinavit
945 634 1002 675 ad
1038 634 1226 688 primam
1260 643 1487 673 tonsuram
1524 629 1770 672 clericalem

114 705 334 746 Thomam
356 705 412 745 de
435 704 668 745 Rokeslee.

826 874 1045 916 Isellzam.

115 946 203 984 June
219 954 273 983 30.

213 999 393 1033 Collation
414 999 569 1032 ‘intuitu
588 998 779 1041 caritatis,
806 997 847 1030 of
871 998 925 1033 M.
953 997 998 1031 de
1025 996 1258 1037 Brundissch,
1283 996 1459 1040 chaplain,
1485 1000 1523 1027 to
1549 994 1702 1027 Iselham
1729 993 1777 1036 V,

116 1062 246 1092 vacant
263 1058 310 1101 by
328 1057 391 1091 the
410 1057 518 1090 death
537 1056 579 1090 of
601 1057 744 1090 Walter
762 1056 807 1089 de
828 1056 1004 1098 Eustone,
1024 1056 1059 1088 in
1084 1055 1146 1088 the
1170 1054 1327 1098 bishop’s
1352 1053 1430 1097 gift.
1481 1053 1596 1087 Oaths
1622 1051 1663 1085 of
1685 1052 1776 1084 obe-

117 1116 245 1150 dience
263 1115 333 1150 and
351 1116 549 1151 residence.
600 1114 846 1148 Trottesclive
865 1114 1003 1158 chapel‚
1024 1113 1059 1156 ij.
1081 1113 1163 1147 Kal.
1181 1113 1252 1158 Jul.

833 1333 1054 1375 Codham.

120 1405 214 1444 Sept.
240 1414 289 1443 15.

216 1459 489 1503 [Dispensation
509 1463 548 1492 to
567 1458 652 1492 Ralf
665 1462 724 1491 ate
744 1459 888 1501 Doune,
904 1458 1030 1501 priest,
1050 1461 1175 1490 rector
1192 1456 1235 1489 of
1250 1455 1429 1497 Cudham,
1445 1459 1484 1487 to
1504 1454 1613 1498 study
1631 1452 1688 1486 for
1706 1462 1777 1485 one

119 1517 234 1562 yean]

238 1587 321 1627 Die
344 1585 563 1627 dominica
588 1585 793 1627 videlicet
813 1584 918 1639 xvij.
943 1583 1167 1625 Kalendas
1193 1582 1401 1623 Octobris
1428 1594 1546 1621 anno
1569 1579 1778 1634 proximo

120 1655 375 1709 supradicto
400 1654 606 1695 dominus
630 1653 903 1707 dispensavit
930 1667 1029 1693 cum
1055 1652 1236 1692 domino
1265 1649 1505 1704 Radulpho
1526 1660 1595 1690 ate
1620 1649 1779 1690 Doune

121 1735 293 1766 rectore
315 1724 370 1764 de
393 1723 596 1764 Codham
620 1722 867 1776 presbitero
887 1722 944 1762 ad
965 1721 1232 1762 studendum
1253 1734 1335 1774 per
1355 1733 1520 1760 annum
1543 1732 1691 1760 unum.

510 1953 804 1994 Presemaczb
824 1954 891 1993 ad
906 1953 1139 1993 ecclesiam
1162 1953 1217 1992 de
1239 1951 1397 1993 Henle.

124 2023 219 2063 Sept.
243 2024 291 2054 18.

220 2077 488 2122 [Presentation
510 2078 555 2121 by
574 2077 636 2110 the
658 2077 786 2120 bishop
804 2087 841 2110 as
859 2080 990 2120 patron
1014 2075 1056 2109 of
1078 2075 1225 2118 Henley
1245 2075 1288 2109 R.
1310 2074 1380 2118 (co.
1400 2073 1557 2117 Oxford)
1583 2073 1625 2106 of
1643 2073 1782 2116 Jordan

123 2137 169 2170 de
202 2136 315 2177 Bixle‚
345 2136 442 2169 vicar
471 2135 514 2169 of
539 2134 938 2177 Minster-in-Thanet‚
965 2134 1046 2168 who
1078 2136 1106 2168 is
1135 2133 1359 2176 exchanging
1389 2133 1573 2165 benefices
1603 2131 1689 2164 with
1720 2130 1782 2163 the

124 2200 257 2236 rector,
276 2194 371 2238 john
391 2194 437 2227 de
459 2192 741 2238 Frendesbury.]

241 2262 493 2304 Venerabili
515 2262 559 2302 in
583 2262 761 2303 Christo
782 2261 896 2316 patri
925 2261 1107 2302 domino
1128 2261 1303 2301 Thome
1325 2260 1396 2300 dei
1418 2258 1566 2314 gracia
1587 2256 1780 2312 Lyncol-

127 2331 266 2373 niensi
297 2331 522 2386 episcopo,
549 2332 681 2371 frater
710 2331 859 2371 Hamo
887 2330 1082 2385 ejusdem
1114 2329 1405 2384 permissione
1438 2327 1660 2368 Roffensis
1690 2326 1781 2380 epi-

126 2414 303 2454 scopus,
339 2399 521 2440 ecclesie
557 2399 612 2439 de
650 2399 795 2439 Henle
837 2409 981 2440 vestre
1013 2398 1216 2453 dyocesis
1250 2407 1475 2452 patronus,
1513 2395 1698 2437 salutem
1739 2405 1783 2435 et

127 2469 364 2509 fraternam
387 2483 487 2509 cum
509 2467 758 2509 reverencia
787 2467 938 2508 debita
965 2468 1208 2508 caritatem.
1256 2465 1371 2507 Cum
1400 2464 1545 2505 dilecti
1575 2463 1702 2504 nobis
1738 2463 1781 2502 in

130 2537 309 2578 Christo
326 2535 766 2591 dominusJohannes
779 2536 834 2576 de
852 2535 1172 2588 Frendesbery,
1190 2545 1336 2575 rector
1352 2533 1533 2574 ecclesie
1549 2533 1604 2573 de
1623 2531 1782 2581 Henle‚

130 2616 276 2648 vestre
308 2605 645 2660 Lyncolniensis
685 2604 887 2658 dyocesis
928 2604 1140 2658 predicte,
1172 2613 1215 2643 et
1245 2603 1450 2643 dominus
1475 2601 1697 2656 Jordanus
1727 2600 1783 2640 de

133 2674 277 2724 Bixle‚
294 2674 482 2715 vicarius
504 2673 683 2714 ecclesie
700 2674 755 2714 de
771 2675 967 2714 Menstre
985 2673 1028 2713 in
1044 2672 1262 2719 Thaneto‚
1276 2669 1606 2712 Cantuariensis
1620 2669 1781 2722 dyoce-

130 2743 201 2794 sis,
218 2743 335 2783 dicta
349 2756 428 2783 sua
443 2742 650 2782 beneficia
666 2742 798 2783 certis
813 2752 856 2781 et
874 2741 1082 2796 legitimis
1104 2755 1161 2781 ex
1179 2740 1333 2789 causis,
1351 2739 1499 2788 libere,
1517 2738 1608 2777 sine
1631 2737 1783 2778 fraude

131 2822 176 2852 et
197 2812 416 2865 pravitate
434 2825 712 2864 quacumque
734 2821 1003 2864 proponant,
1022 2819 1067 2849 ut
1084 2817 1297 2858 asserunt,
1314 2809 1523 2848 canonice
1538 2805 1783 2847 adinvicem

133 2890 396 2933 permutare,
427 2880 532 2919 dum
575 2888 720 2919 tamen
762 2892 1003 2919 consensus
1034 2888 1077 2918 et
1109 2876 1347 2918 auctoritas
1389 2875 1563 2915 illorum
1595 2888 1783 2928 quorum

131 2949 313 2989 interest
350 2948 642 2989 interveniant
674 2948 717 2987 in
759 2947 840 2987 hac
880 2958 1030 3000 parte;
1074 2959 1153 2986 nos
1194 2946 1327 2985 frater
1364 2945 1512 2984 Hamo
1547 2943 1785 2996 episcopus

134 3014 354 3055 Roffensis
375 3014 611 3067 predictus,
634 3014 803 3067 prefate
830 3012 1174 3066 permutacionis
1202 3024 1462 3051 consensum
1493 3019 1709 3063 quatenus
1730 3009 1784 3049 ad

134 3096 214 3123 nos
230 3083 421 3136 pertinet
437 3082 710 3132 adhibentes,
724 3081 778 3122 ad
797 3082 983 3123 eandem
998 3079 1227 3121 ecclesiam
1246 3079 1300 3118 de
1319 3077 1475 3127 Henle‚
1491 3091 1572 3131 per
1589 3077 1783 3132 resigna-

132 3152 301 3192 cionem
320 3151 424 3192 dicti
441 3151 606 3192 domini
623 3150 838 3206 Johannis
855 3150 909 3190 de
928 3149 1235 3201 Frendesbery
1256 3160 1369 3186 nunc
1388 3145 1569 3186 rectoris
1590 3145 1785 3200 ejusdem
