1925 3451
127 219 207 258 714
671 207 955 269 Regislrmn
992 208 1243 255 Hamom's
1510 208 1631 272 [A.D.
1656 226 1671 255 Ι
1685 224 1744 268 34
1752 224 1775 268 3

127 337 316 389 scolaris,
345 350 487 380 vestre
516 339 717 390 diocesis,
745 339 858 380 lator
888 341 1179 393 presencium,
1203 341 1331 381 nobis
1359 341 1582 382 humiliter
1608 341 1777 395 suppli-

126 406 239 448 cavit
261 417 307 448 ut
328 422 427 448 cum
453 422 520 458 eo,
543 408 618 461 qui
642 408 753 449 sicut
778 408 931 448 asserit
959 409 1115 449 ascribi
1146 409 1364 450 desiderat
1391 409 1550 450 milicie
1580 409 1779 460 clericali,

127 489 259 529 super
286 476 457 517 defectu
486 477 691 517 natalium
720 492 853 530 quem
884 477 1064 531 patitur,
1090 478 1145 518 de
1175 478 1321 518 soluto
1350 477 1527 531 genitus
1557 488 1598 519 et
1624 478 1779 528 soluta,

128 546 249 598 quod
284 544 534 598 hujusmodi
573 559 660 585 non
702 546 906 586 obstante
938 546 1111 586 defectu
1148 546 1288 600 possit
1326 547 1382 587 ad
1415 560 1569 587 omnes
1603 547 1782 588 ordines

128 614 389 666 permoveri,
420 625 463 654 et
491 614 753 654 beneficium
782 613 1125 655 ecclesiasticum
1157 615 1369 666 obtinere,
1393 615 1530 656 eciam
1563 616 1598 656 si
1630 630 1779 656 curam

129 683 288 722 habeat
308 683 566 732 animarum,
590 683 717 723 sedes
740 683 834 737 ipsa
856 683 1112 738 dispensare
1141 684 1482 725 misericorditer
1509 685 1780 739 dignaretur.

128 751 204 791 Ad
239 764 317 792 vos
354 751 489 805 igitur
529 752 742 792 scolarem
780 752 1049 793 remittentes
1084 753 1290 802 eundem,
1322 753 1581 794 auctoritate
1614 754 1782 794 domini

129 833 259 873 pape,
292 820 415 873 cujus
451 820 764 873 penitenciarie
796 836 946 862 curam
979 821 1188 876 gerimus,
1219 821 1609 876 circumspeccioni
1641 832 1783 863 vestre

129 888 441 929 committimus
480 889 687 943 quatinus
723 890 1008 931 consideratis
1044 890 1280 945 diligenter
1312 890 1656 932 circumstanciis
1687 891 1782 931 uni-

128 957 264 998 versis
285 972 372 1011 que
395 958 512 999 circa
528 959 830 1011 ydoneitatem
854 973 1043 1013 persone
1066 959 1227 1000 fuerint
1248 960 1527 1011 attendende,
1544 960 1579 1000 si
1601 969 1783 1013 paterne

130 1040 216 1067 non
239 1037 303 1066 est
324 1026 645 1067 incontinencie
667 1027 872 1076 imitator,
894 1037 937 1069 et
959 1029 1072 1069 bone
1093 1028 1446 1070 conversacionis
1467 1038 1509 1069 et
1531 1029 1632 1077 vite,
1650 1042 1784 1082 super

128 1094 289 1147 quibus
325 1105 522 1136 vestram
564 1096 833 1137 intendimus
874 1097 1193 1138 conscienciam
1233 1111 1432 1147 onerare,
1468 1097 1662 1151 aliasque
1702 1098 1783 1138 sibi

130 1164 286 1204 merita
308 1165 606 1219 suffragantur
627 1166 684 1206 ad
707 1166 959 1220 hujusmodi
988 1166 1333 1219 dispensacionis
1360 1166 1555 1220 graciam
1584 1166 1783 1207 obtinen-

129 1233 243 1284 dam,
276 1248 411 1288 super
455 1235 600 1287 petitis
641 1234 904 1289 dispensetis
949 1235 1292 1277 misericorditer
1332 1250 1433 1276 cum
1473 1236 1645 1276 eodem.
1720 1237 1785 1276 Ita

130 1312 277 1342 tamen
305 1303 439 1356 quod,
460 1314 594 1357 prout
617 1305 810 1357 requiret
831 1318 946 1345 onus
967 1304 1181 1354 beneficii,
1205 1305 1325 1358 quod
1347 1319 1448 1345 eum
1478 1315 1579 1358 post
1607 1305 1783 1359 dispen-

130 1371 352 1412 sacionem
372 1371 623 1426 hujusmodi
648 1373 848 1414 obtinere
867 1373 1113 1428 contigerit,
1131 1374 1185 1413 ad
1202 1373 1381 1414 ordines
1399 1388 1443 1414 se
1465 1373 1596 1414 faciat
1614 1374 1786 1414 statutis

130 1440 173 1480 in
197 1439 296 1493 jure
327 1441 601 1494 temporibus
630 1442 898 1495 promoveri,
921 1453 963 1483 et
995 1441 1286 1496 personaliter
1318 1442 1508 1483 resideat
1540 1442 1581 1482 in
1615 1443 1784 1484 eodem.

131 1509 346 1563 Alioquin
369 1510 621 1563 hujusmodi
640 1510 987 1565 dispensacionis
1009 1512 1159 1566 gracia
1177 1525 1266 1565 quo
1287 1511 1343 1551 ad
1364 1511 1508 1565 ipsum
1526 1511 1786 1552 beneficium

132 1578 292 1619 nullius
311 1579 488 1632 penitus
511 1579 564 1620 sit
591 1580 817 1620 momenti.
882 1581 996 1620 Date
1025 1580 1268 1632 Avinione,
1293 1580 1442 1620 Idibus
1469 1580 1587 1632 Maii,
1610 1580 1788 1634 pontifi-

129 1657 253 1688 catus
274 1647 442 1688 domini
463 1647 704 1689 Clementis
726 1663 845 1703 pape
866 1647 948 1690 viti.
971 1663 1087 1691 anno
1110 1649 1267 1703 primo.

129 1761 211 1799 July
232 1762 279 1792 16.

249 1826 447 1867 Pensatis
472 1827 609 1882 igitur
633 1828 715 1868 hiis
736 1843 823 1881 que
847 1828 974 1869 nobis
996 1828 1039 1868 in
1064 1828 1193 1869 dictis
1215 1827 1370 1869 litteris
1395 1829 1717 1870 demandantur
1745 1839 1788 1869 et

132 1895 474 1937 circumstanciis
497 1897 711 1938 universis
734 1912 821 1951 que
843 1898 958 1938 circa
979 1897 1279 1951 ydoneitatem
1302 1911 1494 1951 persone
1525 1908 1598 1939 tue
1628 1897 1788 1938 fuerint

131 1965 396 2005 attendende
428 1964 663 2019 diligenter
702 1965 1005 2016 consideratis,
1038 1966 1142 2019 quia
1172 1980 1253 2020 per
1285 1966 1621 2019 inquisicionem
1655 1981 1787 2020 quam

131 2047 266 2086 super
288 2033 369 2074 hiis
390 2034 484 2073 fieri
515 2034 697 2075 fecimus
727 2045 1005 2088 compertum
1035 2034 1183 2075 existit
1213 2036 1333 2088 quod
1357 2035 1412 2075 de
1440 2035 1585 2076 soluto
1613 2035 1790 2090 genitus

131 2112 174 2142 et
195 2102 339 2142 soluta
361 2117 441 2142 nec
466 2117 512 2143 es
534 2114 717 2156 paterne
740 2103 932 2144 imitator
962 2104 1296 2153 incontinencie,
1318 2114 1383 2144 set
1412 2105 1527 2144 bone
1557 2118 1787 2145 conversa-

131 2170 268 2212 cion1s
296 2182 339 2211 et
367 2171 470 2220 vite,
492 2172 689 2225 aliasque
719 2172 796 2213 tibi
826 2173 979 2213 merita
1007 2174 1307 2226 suffragantur
1336 2173 1392 2212 ad
1420 2172 1672 2225 hujusmodi
1703 2173 1788 2213 dis-

133 2240 411 2294 pensacionis
443 2241 637 2296 graciam
661 2241 973 2291 obtinendam;
1009 2255 1087 2282 nos
1109 2252 1252 2282 tecum
1277 2252 1323 2281 ut
1351 2242 1407 2282 ad
1435 2255 1590 2282 omnes
1615 2242 1790 2282 ordines

133 2309 389 2362 promoveri
420 2320 464 2349 et
495 2309 756 2350 beneficium
788 2309 1130 2350 ecelesiasticum
1163 2310 1361 2351 obtinere
1393 2310 1552 2360 valeas,
1584 2311 1723 2351 eciam
1754 2311 1789 2350 si

134 2393 281 2419 curam
315 2378 471 2419 habeat
504 2379 761 2428 animarum,
789 2379 961 2419 defectu
991 2378 1190 2432 predicto
1221 2379 1432 2420 natalium
1461 2393 1549 2420 non
1575 2382 1790 2429 obstante,

134 2447 396 2488 auctoritate
429 2447 656 2488 literarum
698 2447 993 2501 predictarum
1030 2447 1162 2501 juxta
1202 2459 1398 2489 tenorem
1435 2459 1478 2489 et
1513 2448 1790 2503 exigenciam

134 2517 375 2557 earundem
402 2517 747 2557 misericorditer
776 2517 1097 2569 dispensamus.
1161 2518 1209 2557 In
1240 2517 1365 2571 cujus
1397 2517 1459 2558 rei
1492 2517 1791 2560 testimonium

135 2585 328 2639 sigillum
364 2596 565 2626 nostrum
608 2585 788 2626 fecimus
826 2585 907 2625 hiis
947 2586 1126 2639 apponi.
1191 2587 1304 2627 Date
1343 2587 1464 2640 apud
1499 2586 1791 2629 Trottesclive

136 2654 238 2707 xvij.
263 2653 486 2695 Kalendas
511 2654 708 2709 Augusti
731 2668 847 2695 anno
868 2655 1037 2695 domini
1060 2654 1293 2697 millesimo
1314 2662 1447 2697 ccc¹¹¹0.
1471 2655 1595 2709 xliij0.

847 2899 903 2939 N
901 2901 1085 2940 zlsslede.

138 2966 223 3005 Aug.
243 2976 293 3004 25.

235 3021 441 3054 Institution
462 3021 503 3054 of
517 3022 613 3065 John
633 3022 679 3055 de
699 3022 872 3065 Lagham,
891 3023 1014 3065 priest,
1032 3027 1072 3055 to
1092 3021 1255 3056 Nursted
1277 3022 1319 3056 R.
1339 3022 1420 3055 void
1440 3022 1486 3065 by
1506 3021 1613 3054 death
1635 3020 1676 3053 of
1695 3020 1792 3064 John

136 3078 180 3110 de
206 3079 379 3114 Carlton'.
432 3080 592 3114 Patron:
621 3080 784 3113 Thomas
802 3080 847 3113 de
866 3081 1112 3114 Gravesende.
1167 3080 1263 3114 Oath
1288 3080 1328 3113 of
1348 3080 1558 3113 obedience.
1610 3078 1681 3121 viij.
1710 3078 1792 3112 Kal.

139 3137 240 3177 Sept.
259 3149 356 3179 1343.
