1925 3451
70 221 111 251 A.
125 220 170 250 D.
196 220 211 249 1
225 219 249 263 3
260 201 341 263 38]
643 202 879 265 Episcopi
911 202 1154 264 Roffensz's
1648 218 1719 255 711

71 334 310 377 cathedrali
332 348 417 375 non
439 334 506 384 sit,
528 334 743 384 obtinere,
760 335 898 376 eciam
920 334 954 375 si
977 348 1125 375 curam
1148 334 1306 375 habeat
1323 334 1580 384 animarum,
1597 335 1724 375 dum-

73 404 206 445 modo
228 403 325 457 ipsi,
347 402 632 444 consideratis
653 403 996 444 circumstanciis
1018 402 1232 444 universis
1254 417 1341 456 que
1361 403 1477 444 circa
1498 403 1727 457 ydoneita-

72 482 160 513 tem
197 472 395 526 ipsorum
429 472 591 512 fuerint
628 473 904 521 attendende‚
940 482 1122 526 paterne
1167 479 1257 513 non'
1289 471 1374 512 sint
1407 471 1728 513 incontinencie

73 550 310 582 sectatores
331 550 397 581 set
425 541 542 581 bone
571 541 926 583 conversacionis
955 550 999 581 et
1021 540 1120 591 vite,
1142 554 1276 594 super
1297 540 1456 593 quibus
1480 550 1644 582 vestras
1665 540 1728 580 in-

74 609 293 650 tendimus
314 609 604 650 consciencias
625 624 822 659 onerare,
843 609 1016 663 aliaque
1046 609 1203 650 merita
1231 609 1541 664 suffragentur,
1563 608 1728 649 eisdem

74 678 129 719 ad
153 678 403 732 hujusmodi
427 677 775 731 dispensacionis
796 678 991 732 graciam
1013 678 1309 728 obtinendam,
1331 689 1464 732 prout
1486 678 1729 718 secundum

74 747 205 787 deum
238 746 485 787 animarum
516 747 643 787 saluti
669 747 864 788 videritis
890 746 1119 801 expedire,
1141 746 1320 800 plenam
1342 746 1468 788 vobis
1495 756 1538 787 et
1566 746 1730 787 unicui-

73 831 162 870 que
183 825 378 857 vestrum
399 816 681 856 concedimus
701 815 962 857 auctoritate
990 815 1267 869 presencium
1296 815 1559 856 facultatem.
1622 815 1729 856 Pro-

74 884 169 927 viso
200 885 320 938 quod
352 884 536 938 quilibet
567 884 824 925 clericorum
857 884 1057 939 ipsorum
1085 884 1141 924 ad
1170 884 1360 934 ordines,
1382 894 1517 938 prout
1547 883 1730 936 requirit

75 967 188 995 onus
216 953 415 994 beneficii
448 954 569 1006 quod
594 968 696 994 eum
722 965 823 1007 post
849 953 1229 1007 dispensacionem
1256 953 1508 1007 hujusmodi
1533 953 1731 993 obtinere

75 1022 324 1077 contigerit,
357 1022 529 1063 statutis
560 1023 835 1077 temporibus
867 1036 913 1063 se
942 1021 1068 1062 saciat
1096 1021 1348 1076 promoveri
1375 1031 1418 1062 et
1444 1021 1733 1075 personaliter

76 1091 263 1132 resideat
280 1091 323 1131 in
339 1091 506 1132 eadem.
559 1092 672 1132 Date
688 1091 925 1143 Avinione,
939 1090 1044 1145 viij0.
1071 1090 1294 1132 Kalendas
1310 1090 1429 1146 Julii‚
1452 1091 1732 1145 pontificatus

76 1160 214 1201 nostri
235 1174 354 1201 anno
375 1160 522 1201 tercio.

80 1259 172 1296 1338.

74 1313 151 1351 Jan.
172 1322 225 1343 22.

193 1378 265 1418 Tu
301 1391 482 1431 quoque
525 1377 653 1418 nobis
694 1377 918 1418 humiliter
955 1376 1213 1432 supplicasti
1254 1377 1375 1431 quod
1416 1388 1559 1419 tecum
1601 1391 1734 1431 super

77 1448 249 1489 defectu
272 1447 480 1487 natalium
503 1461 635 1500 quem
658 1447 834 1501 pateris,
858 1448 913 1487 de
934 1447 1080 1487 soluto
1101 1447 1277 1501 genitus
1307 1457 1350 1487 et
1378 1446 1534 1496 soluta,
1560 1457 1608 1487 ut
1634 1446 1735 1501 ipso

78 1530 165 1557 non
188 1517 391 1557 obstante
413 1516 589 1556 defectu
612 1515 755 1570 possis
775 1516 830 1555 ad
853 1529 1008 1556 omnes
1028 1515 1207 1556 ordines
1227 1516 1481 1569 promoveri
1503 1526 1546 1556 et
1569 1515 1732 1556 benefi-

77 1585 193 1626 cium
214 1584 556 1625 ecclesiasticum
579 1583 790 1631 obtinere,
817 1585 954 1625 eciam
977 1584 1012 1624 si
1038 1599 1187 1624 curam
1206 1584 1363 1625 habeat
1377 1585 1634 1633 animarum,
1651 1584 1735 1624 dis-

77 1668 265 1708 pensare
288 1653 627 1694 misericorditer
647 1653 948 1708 dignaremur.
1010 1654 1103 1694 Nos
1132 1652 1279 1707 igitur,
1309 1653 1478 1703 Petrus,
1502 1653 1736 1694 cardinalis

77 1733 122 1764 et
145 1723 330 1763 nuncius
359 1722 652 1776 supradictus,
675 1723 760 1763 tuis
787 1722 1194 1777 supplicacionibus
1222 1722 1427 1771 inclinati,
1449 1722 1736 1762 consideratis

76 1791 420 1832 circumstanciis
441 1790 656 1832 universis
673 1806 758 1845 que
781 1792 893 1832 circa
911 1791 1210 1845 ydoneitatem
1229 1802 1348 1832 tuam
1365 1791 1378 1814 ¹
1401 1791 1577 1831 fuerunt
1598 1801 1735 1831 atten-

77 1861 235 1911 dende,
258 1875 356 1900 cum
379 1874 438 1900 ex
459 1859 747 1914 inquisicione
769 1860 920 1901 solerti
942 1874 1077 1914 super
1099 1860 1181 1900 hiis
1203 1859 1351 1900 habita
1373 1859 1427 1900 sit
1450 1870 1675 1913 repertum
1694 1870 1736 1900 te

80 1942 168 1969 non
190 1943 284 1970 esse
307 1940 487 1983 paterne
508 1929 829 1970 incontinencie
858 1939 1120 1970 sectatorem
1149 1938 1215 1969 set
1244 1930 1359 1969 bone
1387 1927 1736 1969 conversacionis

79 2008 122 2038 et
149 1997 236 2038 vite
267 1997 439 2051 aliaque
471 1997 548 2038 tibi
575 1997 728 2038 merita
753 1997 999 2052 suffragari,
1025 1998 1081 2038 ad
1107 1997 1360 2051 hujusmodi
1389 1997 1737 2051 dispensacionis

78 2066 272 2120 graciam
295 2066 579 2107 obtinendam
601 2066 859 2107 auctoritate
880 2066 1125 2120 apostolica
1147 2066 1274 2106 nobis
1296 2065 1455 2106 tradita
1484 2080 1563 2119 per
1590 2065 1737 2106 literas

78 2135 353 2188 supradictas
389 2149 475 2189 qua
511 2135 553 2175 in
589 2135 671 2176 hac
709 2145 835 2190 parte
871 2135 1097 2190 fungimur
1130 2145 1289 2185 tecum,
1325 2135 1400 2188 qui
1434 2134 1738 2188 sexagesimus

79 2214 261 2244 octavus
281 2218 327 2244 es
348 2204 404 2244 de
427 2218 610 2245 numero
632 2206 883 2245 centenario
905 2204 948 2244 in
970 2204 1178 2258 predictis
1201 2203 1334 2244 literis
1363 2203 1614 2256 apostolicis
1635 2216 1737 2244 con-

81 2283 214 2322 tento,
236 2272 271 2312 si
293 2273 481 2326 primam
504 2284 730 2314 tonsuram
753 2288 834 2327 per
856 2288 989 2327 quam
1006 2273 1218 2315 clericalis
1239 2273 1353 2313 ordo
1371 2273 1594 2312 confertur
1614 2285 1639 2311 a
1661 2282 1738 2312 tuo

81 2341 294 2395 episcopo
317 2351 451 2395 prout
467 2342 623 2383 asseris
640 2342 857 2396 recepisti,
872 2343 993 2396 quod
1011 2356 1098 2383 non
1117 2343 1321 2383 obstante
1338 2341 1511 2381 defectu
1530 2340 1737 2380 natalium

82 2409 336 2464 supradicto
355 2424 445 2463 quo
467 2411 643 2464 pateris,
661 2411 715 2451 de
733 2411 879 2452 soluto
896 2411 1072 2466 genitus
1088 2422 1132 2452 et
1148 2410 1305 2460 soluta,
1322 2410 1376 2450 ad
1394 2423 1548 2450 omnes
1562 2408 1738 2449 ordines

82 2478 335 2532 promoveri
351 2478 492 2532 possis
508 2490 551 2519 et
564 2480 826 2520 beneficium
843 2479 1200 2529 ecclesiasticum,
1216 2479 1323 2519 dum
1337 2488 1482 2518 tamen
1498 2477 1540 2517 in
1556 2477 1738 2518 ecclesia

81 2547 322 2587 cathedrali
346 2560 433 2587 non
456 2547 522 2598 sit,
544 2548 741 2589 obtinere
758 2548 916 2597 valeas,
932 2549 1070 2590 eciam
1088 2548 1124 2588 si
1140 2562 1290 2588 curam
1307 2547 1465 2587 habeat
1479 2546 1739 2595 animarum,

82 2625 235 2656 tenore
267 2616 546 2669 presencium
571 2616 909 2658 misericorditer
933 2617 1252 2671 dispensamus.
1315 2617 1379 2656 Ita
1409 2625 1553 2655 tamen
1584 2615 1737 2668 qu0d‚1

84 2694 217 2738 prout
243 2684 436 2737 requiret
458 2698 570 2725 onus
597 2685 798 2726 beneficii
827 2687 948 2740 quod
979 2697 1021 2727 te
1047 2697 1149 2740 post
1178 2683 1557 2738 dispensacionem
1589 2684 1737 2737 hujus-

84 2753 204 2794 modi
225 2753 424 2793 obtinere
438 2753 687 2807 contigerit,
705 2754 837 2794 facias
854 2755 1028 2796 statutis
1044 2769 1069 2795 a
1084 2755 1184 2808 jure
1199 2752 1473 2807 temporibus
1490 2752 1545 2793 ad
1562 2752 1740 2793 ordines

85 2821 339 2875 promoveri
370 2830 413 2861 et
444 2821 734 2875 personaliter
765 2822 956 2863 resideas
988 2823 1031 2863 in
1063 2823 1234 2863 eodem.
1296 2822 1343 2861 In
1374 2820 1497 2874 cujus
1529 2820 1590 2860 rei
1620 2820 1738 2861 testi-

85 2890 282 2931 monium
319 2889 396 2930 has
432 2889 578 2930 literas
612 2889 706 2930 fieri
742 2891 924 2932 fecimus
956 2902 999 2932 et
1030 2905 1103 2932 eas
1135 2889 1271 2931 nostri
1302 2888 1436 2943 sigilli
1467 2889 1740 2943 appensione

85 2958 276 2999 munitas
307 2957 387 2998 tibi
419 2957 627 2998 duximus
653 2960 969 3002 concedendas.
1023 2961 1135 3000 Date
1166 2957 1411 3007 Londonie‚
1437 2957 1508 2998 die
1536 2957 1740 2998 vicesima

88 3026 282 3067 secunda
314 3026 478 3067 mensis
500 3026 711 3081 Januarii‚
740 3029 822 3068 sub
850 3042 967 3069 anno
998 3042 1023 3068 a
1055 3027 1280 3068 nativitate
1310 3025 1478 3066 domini
1510 3025 1741 3066 millesimo

778 3183 785 3201 ¹
813 3184 1049 3215 Inlerliueated.
