1925 3451
178 204 256 242 700
715 191 999 253 ngistrnm
1038 193 1287 239 Hamom's
1562 192 1679 256 [A.D.
1706 210 1824 253 1342

175 321 354 362 ecclesie
384 333 638 370 memorate,
658 322 882 364 licenciam
912 333 999 364 tam
1030 324 1110 365 tibi
1137 339 1271 378 quam
1293 325 1540 379 cuicunque
1569 326 1828 380 presbytero

175 390 427 444 hujusmodi
439 390 675 431 celebranti
691 401 843 432 tenore
856 393 1134 446 presencium
1148 393 1425 434 concedimus
1434 394 1830 448 specialem‚usque

173 461 228 500 ad
257 459 483 499 biennium
509 460 766 500 duraturam
796 460 875 500 nisi
905 460 1077 501 interIm
1106 476 1201 501 eam
1231 462 1490 502 duxerimus
1519 464 1826 505 revocandam.

175 528 291 568 Date
313 561 320 568 .
345 561 352 568 .
376 528 403 569 .¹

176 664 251 704 [Fo.
270 663 362 704 202.]

333 729 551 769 Pl'ovz‘sl'o
572 730 792 782 informa
804 735 1078 783 pauperum
1089 732 1328 783 sollanm‘s
1349 734 1403 772 de
1426 732 1676 785 Depedene.

173 797 262 835 June
277 807 332 836 25.

268 852 392 896 [Papal
419 853 599 896 provision
626 853 713 886 with
739 855 907 897 anteferri
932 855 1065 897 clause,
1092 859 1132 888 to
1158 854 1255 898 John
1283 855 1327 888 de
1357 855 1567 899 Depedene‚
1596 857 1639 890 of
1662 857 1831 901 London,

173 922 192 944 a
211 921 302 953 poor
319 911 430 951 clei-k,
449 911 568 944 whom
594 911 655 945 the
678 912 803 955 pope’s
824 912 1030 946 examiners
1054 913 1144 946 have
1171 913 1284 946 found
1308 918 1347 946 to
1372 914 1417 947 be
1441 914 1657 958 sufficiently
1675 916 1831 958 literate,

173 969 214 1001 ot'
236 980 255 1002 a
280 969 442 1002 benefice
467 971 502 1002 in
526 970 589 1002 the
612 970 758 1004 diocese
783 971 825 1004 of
850 971 1066 1013 Rochester,
1085 971 1207 1004 where
1226 972 1322 1015 John
1343 971 1405 1005 has
1423 972 1559 1006 chosen
1577 973 1630 1005 his
1649 973 1832 1015 domicile,

173 1031 237 1060 not
264 1028 463 1069 exceeding
486 1039 525 1068 15
554 1028 674 1061 marks
702 1030 735 1062 in
763 1029 864 1063 value
890 1029 1045 1062 without
1073 1040 1173 1072 cure,
1199 1040 1241 1062 or
1269 1041 1311 1062 20
1340 1030 1458 1063 marks
1482 1031 1583 1073 with,
1608 1032 1677 1064 and
1704 1036 1769 1065 not
1796 1032 1831 1064 in

172 1097 191 1118 a
212 1085 406 1118 Cathedral
427 1086 588 1129 Church,
609 1088 643 1119 in
662 1087 724 1120 the
743 1087 809 1129 gift
834 1087 875 1120 of
898 1088 961 1121 the
980 1089 1079 1130 prior
1097 1089 1167 1121 and
1186 1088 1339 1131 chapter
1356 1088 1397 1121 of
1422 1089 1638 1133 Rochester‚
1658 1091 1832 1124 notwith-

171 1144 338 1186 standing
357 1154 426 1188 any
445 1145 547 1188 papal
566 1145 755 1188 privileges
778 1146 866 1190 they
885 1157 967 1190 may
986 1146 1085 1180 have.
1138 1146 1222 1179 The
1241 1147 1367 1190 bisliop
1386 1148 1413 1180 is
1432 1151 1471 1179 to
1490 1152 1646 1180 execute
1664 1148 1726 1181 the
1746 1160 1831 1192 pro·

172 1202 285 1235 vision
306 1201 336 1235 if
350 1202 394 1235 he
414 1202 486 1235 find
505 1203 601 1246 John
619 1207 659 1236 to
679 1203 722 1236 be
743 1204 783 1237 of
797 1204 894 1246 good
913 1204 1102 1237 character
1120 1205 1190 1238 and
1210 1205 1463 1239 unbeneficed.
1509 1206 1568 1239 He
1588 1210 1685 1239 must
1704 1214 1832 1251 accept

170 1260 233 1293 the
253 1260 418 1294 benefice
433 1261 556 1294 within
576 1272 645 1294 one
665 1263 791 1295 month
812 1262 854 1295 of
868 1262 913 1295 its
932 1263 1108 1296 voidance
1127 1263 1197 1296 and
1216 1263 1419 1296 undertake
1436 1268 1475 1297 to
1495 1264 1540 1297 be
1559 1264 1640 1308 duly
1656 1265 1832 1299 ordained

172 1318 243 1351 and
262 1325 299 1352 to
318 1318 464 1363 reside]

289 1387 497 1430 Clemens
518 1389 769 1443 episcopus,
791 1404 943 1431 servus
972 1404 1199 1432 servorum
1215 1391 1301 1440 dei,
1323 1391 1562 1432 venerabili
1591 1392 1707 1446 patri
1736 1392 1829 1447 epi-

173 1471 312 1510 scopo
335 1458 533 1498 Roffensi
550 1458 736 1499 salutem
752 1469 796 1499 et
812 1459 1102 1513 apostolicam
1120 1459 1491 1501 benediccionem.
1553 1461 1833 1502 Constitutus

169 1526 215 1565 in
244 1526 471 1579 presencia
504 1537 654 1568 nostra
673 1527 858 1569 dilectus
890 1528 1004 1568 filius
1030 1528 1254 1584 Johannes
1285 1529 1340 1569 de
1373 1529 1627 1583 Depedene,
1661 1544 1833 1585 pauper

172 1594 355 1635 clericus
391 1596 610 1645 London',
645 1596 771 1637 nobis
804 1597 1026 1638 humiliter
1059 1597 1326 1652 supplicavit
1367 1608 1427 1648 ut,
1465 1613 1563 1639 cum
1593 1598 1687 1652 ipse
1720 1598 1832 1640 sicut

172 1664 324 1704 asserit
360 1665 621 1705 beneficium
655 1665 837 1719 aliquod
871 1666 1209 1707 ecclesiasticum
1245 1681 1330 1707 non
1367 1666 1576 1716 obtineat,
1610 1667 1832 1721 provideri

173 1732 255 1773 sibi
288 1734 342 1773 de
373 1734 646 1788 benignitate
677 1734 923 1788 apostolica
956 1736 1272 1776 mandaremus.
1336 1736 1454 1786 Quia
1484 1735 1619 1791 igitur
1649 1736 1709 1776 illi
1731 1747 1832 1777 sunt

172 1802 228 1841 ad
272 1803 563 1843 ecclesiastica
603 1804 815 1844 beneficia
855 1805 1149 1857 promovendi
1186 1804 1345 1858 quibus
1386 1818 1532 1845 mores
1568 1816 1611 1845 et
1646 1805 1834 1846 sciencia

172 1872 485 1925 suffragantur,
529 1887 627 1912 cum
670 1872 786 1913 idem
828 1873 1007 1914 clericus
1042 1888 1175 1926 quem
1208 1888 1290 1927 per
1323 1884 1480 1925 certos,
1508 1874 1832 1915 examinatores

172 1954 307 1993 super
339 1940 421 1981 hoc
449 1941 685 1994 deputatos
714 1956 738 1981 a
769 1942 895 1982 nobis
923 1943 979 1982 de
1007 1942 1233 1983 literatura
1264 1943 1505 1983 examinari
1534 1942 1713 1984 fecimus
1738 1943 1830 1983 dili-

175 2020 346 2063 genter,
369 2009 570 2050 inventus
597 2010 653 2050 sit
682 2010 724 2050 in
754 2010 826 2050 illa
858 2011 1170 2052 convenienter
1192 2012 1393 2065 ydoneus
1413 2013 1469 2052 ad
1490 2011 1831 2053 ecclesiasticum

173 2078 433 2119 beneficium
457 2079 772 2129 obtinendum;
805 2093 884 2119 nos
906 2080 960 2120 de
977 2080 1065 2121 vita
1087 2091 1130 2121 et
1161 2080 1501 2121 conversacione
1526 2080 1664 2134 ipsius
1686 2080 1831 2121 clerici

176 2147 377 2188 noticiam
401 2163 488 2189 non
514 2149 739 2198 habentes,
768 2148 1028 2189 fraternitati
1061 2159 1134 2189 tue
1163 2163 1243 2203 per
1264 2148 1505 2202 apostolica
1526 2149 1690 2203 scripta
1711 2163 1830 2190 man-

172 2217 329 2257 damus
345 2216 549 2270 quatinus
570 2218 626 2257 de
646 2217 729 2257 hiis
751 2217 936 2258 solerter
953 2217 1192 2271 inquirens,
1215 2218 1249 2258 si
1278 2232 1379 2258 eum
1409 2217 1498 2258 vite
1524 2217 1758 2259 laudabilis
1788 2227 1831 2259 et

175 2285 358 2326 honeste
379 2286 731 2327 conversacionis
752 2300 845 2326 esse
867 2286 1085 2340 repereris
1106 2297 1148 2326 et
1179 2286 1299 2327 aliud
1327 2285 1671 2327 ecclesiasticum
1699 2288 1830 2328 bene-

175 2354 321 2394 ficium
344 2369 431 2395 non
455 2356 668 2405 obtineat,
689 2355 898 2408 aliudque
920 2355 1183 2396 canonicum
1207 2369 1293 2396 non
1323 2355 1519 2406 obsistat,
1541 2355 1580 2395 ei
1602 2356 1657 2396 de
1681 2355 1831 2409 aliquo

176 2424 392 2465 beneficio
419 2423 715 2464 ecclesiastico
746 2425 987 2465 secundum
1017 2439 1095 2464 sue
1117 2423 1351 2478 probitatis
1373 2424 1528 2464 merita
1549 2424 1833 2477 competenti,

173 2507 272 2532 cum
302 2506 406 2533 cura
435 2493 504 2534 vel
529 2493 622 2533 sine
651 2507 768 2544 cura,
799 2503 1011 2533 consueto
1039 2493 1202 2534 abolim
1232 2493 1400 2533 clericis
1428 2492 1697 2533 secularibus
1725 2493 1829 2533 assi-

173 2562 313 2614 gnari,
345 2571 572 2615 spectante
608 2561 900 2603 communiter
934 2562 990 2602 ad
1028 2562 1310 2603 collacionem
1347 2561 1414 2603 vel
1450 2562 1829 2615 presentacionem

174 2630 433 2671 dilectorum
455 2631 647 2671 filiorum
673 2631 834 2684 prioris
856 2641 897 2671 et
926 2631 1101 2684 capituli
1124 2630 1304 2671 ecclesie
1328 2631 1564 2680 Roffensis,
1587 2631 1619 2670 si
1644 2631 1764 2684 quod
1786 2630 1829 2670 in

173 2699 346 2740 civitate
362 2700 431 2741 vel
445 2700 605 2741 diocesi
622 2700 916 2748 Roffensi,ubi
930 2700 1072 2740 dictus
1087 2699 1268 2741 clericus
1283 2711 1543 2754 perpetuam
1559 2699 1829 2740 mansionem

173 2782 219 2807 se
241 2769 392 2809 asserit
414 2769 615 2823 elegisse,
636 2778 761 2810 vacat
782 2769 836 2808 ad
859 2782 1053 2822 presens,
1076 2769 1144 2809 vel
1162 2783 1297 2822 quam
1325 2768 1517 2822 primum
1545 2769 1602 2808 ad
1631 2768 1674 2808 id
1704 2768 1829 2807 obtu-

174 2836 271 2877 lerit
294 2852 339 2878 se
361 2838 556 2887 facultas,
574 2852 655 2892 per
672 2848 714 2878 te
731 2837 799 2878 vel
821 2837 955 2878 alium
977 2852 1055 2877 seu
1077 2837 1185 2878 alios
1206 2837 1441 2891 providere
1463 2851 1600 2887 cures,
1618 2837 1829 2878 inducens

173 2921 273 2946 eum
291 2907 334 2946 in
353 2907 630 2961 corporalem
648 2907 973 2960 possessionem
995 2905 1189 2960 ejusdem
1212 2906 1412 2946 beneficii
1433 2916 1478 2946 et
1499 2905 1742 2946 defendens
1763 2904 1828 2945 in-

173 2975 367 3024 ductum,
384 2990 434 3016 ac
457 2976 620 3016 faciens
641 2976 785 3030 ipsum
807 2976 861 3015 ad
884 2974 1005 3025 illud,
1024 2974 1058 3015 si
1081 2974 1124 3014 in
1139 2975 1319 3015 ecclesia
1335 2973 1568 3028 collegiata
1584 2974 1827 3014 secundum

174 3043 502 3085 (listinccionem
535 3055 729 3084 nostram
761 3043 942 3084 inferius
973 3053 1227 3084 annotatam
1261 3043 1468 3093 extiterit,
1502 3052 1740 3096 postquam
1774 3041 1828 3081 de

856 3168 867 3187 1
892 3168 977 3197 Date
994 3168 1136 3198 omitted.
