1925 3451
161 213 238 250 702
699 197 987 259 Regz'strum
1023 195 1273 243 Hamom's
1543 193 1658 257 [A.D.
1687 209 1807 253 1342

160 330 445 385 persolutum.
510 330 669 369 Nostre
690 338 835 368 tamen
865 327 1128 368 intencionis
1156 326 1305 367 existit
1330 326 1452 379 quod
1478 326 1534 366 de
1560 325 1813 379 hujusmodi

161 399 387 448 beneficio,
409 398 545 439 eciam
568 397 603 437 si
626 396 808 437 minoris
830 410 963 449 quam
994 395 1236 449 predicitur
1257 395 1418 436 valoris
1445 394 1654 444 extiterit,
1677 394 1813 447 possit

160 468 303 508 eidem
324 467 495 516 cleric0,
518 466 553 505 si
575 465 683 505 illud
704 465 816 505 infra
838 464 966 505 unius
990 463 1150 504 mensis
1170 464 1366 517 spacium
1390 473 1629 517 postquam
1653 462 1738 503 sibi
1759 462 1814 502 de

162 537 299 590 ipsius
331 534 530 576 beneficii
553 534 787 575 vacacione
818 532 1061 574 constiterit
1089 543 1320 586 acceptare
1351 532 1553 580 voluerit,
1576 531 1815 585 provideri.

162 605 345 646 Prefatis
366 604 481 644 enim
502 603 639 656 priori
661 613 705 642 et
726 601 920 655 capitulo
944 616 996 641 ne
1025 612 1126 654 post
1154 601 1501 642 insinuacionem
1532 600 1813 654 presencium

158 685 200 714 et
218 687 502 727 processuum
525 685 604 725 per
618 685 690 710 eas
705 671 954 711 habitorum
971 670 1032 710 eis
1051 670 1208 709 factam
1225 670 1280 709 de
1294 669 1394 723 ipso
1411 670 1624 709 beneficio
1639 669 1814 709 interim

160 743 299 784 eciam
339 751 441 781 ante
485 739 840 793 acceptacionem
881 737 1135 792 hujusmodi
1176 738 1416 791 disponere
1456 751 1642 792 quoquo
1683 737 1817 779 modo

160 819 429 865 presumant,
457 808 700 849 districcius
731 808 995 857 inhibemus,
1027 808 1312 847 decernentes
1343 806 1514 847 irritum
1546 818 1589 847 et
1620 806 1749 846 inane
1781 806 1816 846 si

160 894 284 920 secus
324 892 459 932 super
498 876 723 930 premissis
759 891 784 917 a
820 890 1060 930 quoquam,
1095 875 1249 929 quavis
1288 875 1547 915 auctoritate
1583 875 1818 929 contigerit

159 947 425 1001 attemptari.
480 947 644 986 Datum
661 945 896 995 Avifflone,
914 945 984 998 vij.
1007 944 1230 985 Kalendas
1250 944 1365 998 Julii,
1380 944 1662 998 pontificatus
1680 943 1818 985 nostri

163 1030 279 1057 anno
301 1015 460 1070 primo.

164 1152 254 1180 1343-

163 1197 240 1234 Jan.
259 1205 312 1234 29.

259 1250 359 1295 [The
385 1249 513 1292 bishop
540 1248 790 1282 commissions
818 1247 880 1280 the
906 1248 1004 1291 prior
1031 1248 1074 1281 of
1098 1248 1197 1292 Holy
1225 1247 1385 1291 Trinity,
1405 1247 1573 1290 London,
1593 1251 1632 1279 to
1655 1248 1818 1280 examine

161 1311 223 1343 the
240 1309 431 1343 candidate
448 1307 519 1341 and
537 1312 692 1340 execute
711 1307 774 1340 ‘the
794 1307 1004 1350 provision]

278 1367 433 1407 Frater
456 1366 605 1406 Hamo
628 1365 920 1419 permissione
942 1364 1089 1406 divina
1105 1364 1325 1405 Roffensis
1341 1363 1591 1417 episcopus,
1607 1373 1820 1404 executor

163 1437 315 1477 unicus
350 1436 407 1476 ad
444 1434 769 1489 providendum
806 1448 886 1487 per
921 1447 1001 1474 nos
1030 1434 1099 1475 vel
1126 1433 1259 1473 alium
1292 1447 1370 1473 seu
1401 1432 1510 1472 alios
1541 1432 1733 1488 Johanni
1765 1432 1819 1473 de

164 1505 418 1559 Depedene,
434 1503 619 1557 pauperi
645 1503 803 1543 clerico
826 1502 1069 1554 Londonie,
1091 1502 1146 1542 de
1172 1502 1385 1543 beneficio
1407 1501 1698 1542 ecclesiastico
1719 1515 1819 1542 cum

164 1589 268 1616 cura
295 1573 365 1615 vel
393 1573 486 1613 sine
515 1585 619 1613 cura
647 1582 862 1612 consueto
889 1572 944 1612 ab
973 1571 1077 1612 olim
1109 1570 1276 1612 clericis
1306 1570 1574 1611 secularibus
1604 1570 1820 1625 assignari

163 1653 388 1697 spectante
404 1641 699 1684 communiter
713 1642 767 1681 ad
785 1640 1069 1682 collacionem
1086 1640 1155 1682 vel
1169 1640 1544 1693 presentacionem
1560 1639 1820 1680 dilectorum

163 1712 352 1753 filiorum
389 1710 549 1764 prioris
583 1721 626 1750 et
659 1709 840 1763 capituli
877 1709 1056 1750 ecclesie
1095 1719 1243 1750 nostre
1280 1708 1515 1760 Roffensis,
1553 1708 1587 1749 si
1620 1709 1743 1762 quod
1775 1708 1818 1749 in

162 1781 336 1822 civitate
357 1779 426 1822 vel
448 1779 609 1820 diocesi
632 1778 829 1819 Roffensi
852 1788 976 1819 vacat
998 1779 1054 1819 ad
1075 1792 1268 1831 presens,
1292 1777 1362 1819 vel
1384 1792 1518 1831 quam
1540 1777 1733 1831 primum
1762 1777 1819 1818 ad

164 1850 209 1890 id
230 1848 439 1890 obtulerit
460 1863 505 1888 se
528 1847 720 1897 facultas,
741 1862 823 1901 per
844 1847 1165 1888 sanctissimum
1183 1857 1355 1901 patrem
1370 1846 1598 1887 dominum
1617 1846 1818 1887 Clemen-

164 1929 265 1968 tem,
288 1917 434 1959 divina
462 1917 748 1970 providencia
780 1931 942 1970 papam
968 1926 1156 1967 sextum,
1180 1916 1260 1956 sub
1291 1926 1408 1956 certa
1439 1916 1590 1965 forma,
1612 1925 1747 1968 prout
1774 1915 1817 1954 in

164 1987 299 2028 literis
321 1986 573 2040 apostolicis
589 1986 632 2026 in
649 2001 701 2026 ea
714 1997 840 2039 parte
854 1985 1028 2039 plenior
1046 1986 1093 2025 fit
1110 1984 1294 2033 mencio,
1310 1986 1558 2038 deputatus,
1578 1983 1819 2025 venerabili

166 2069 208 2098 et
253 2056 463 2110 religioso
504 2055 600 2096 viro
638 2090 645 2096 .
686 2087 694 2096 .
729 2055 867 2108 priori
903 2065 1049 2095 sancte
1081 2054 1312 2094 Trinitatis
1353 2053 1537 2095 civitatis
1574 2054 1819 2105 Londonie‚

167 2123 351 2163 salutem
372 2133 416 2162 et
438 2121 654 2162 mandatis
675 2120 931 2174 apostolicis
957 2120 1138 2160 firmiter
1159 2119 1351 2160 obedire.
1404 2120 1480 2160 Ad
1510 2119 1821 2173 inquirendum

167 2193 222 2232 de
258 2191 347 2233 vita
381 2202 424 2231 et
460 2190 798 2232 conversacione
831 2189 974 2230 clerici
1005 2189 1244 2243 supradicti
1281 2198 1323 2228 et
1358 2188 1452 2228 aliis
1485 2189 1529 2228 in
1567 2189 1820 2243 hujusmodi

167 2261 303 2301 literis
323 2259 580 2315 apostolicis
599 2258 943 2312 comprehensis,
957 2273 1007 2299 ac
1028 2258 1361 2311 procedendum
1376 2257 1558 2298 ulterius
1575 2257 1617 2297 in
1633 2258 1821 2312 negocio

168 2329 433 2383 provisionis
474 2328 682 2383 predicte,
721 2341 889 2368 necnon
927 2327 1043 2367 idem
1086 2326 1322 2380 negocium
1363 2326 1492 2379 plene
1533 2327 1576 2366 in
1616 2327 1821 2367 omnibus

167 2398 480 2452 exequendum
504 2398 636 2452 juxta
657 2398 843 2438 formam
865 2396 1081 2437 dictarum
1102 2395 1326 2436 literarum
1347 2395 1687 2449 apostolicarum
1710 2410 1821 2450 quas

169 2468 293 2508 vobis
324 2467 525 2507 exhiberi
556 2466 758 2508 volumus
779 2475 822 2505 et
851 2465 1034 2514 ostendi,
1056 2464 1174 2506 vices
1197 2474 1380 2514 nostras,
1401 2465 1543 2505 donec
1563 2478 1636 2504 eas
1657 2465 1713 2505 ad
1739 2478 1821 2505 nos

168 2536 429 2577 duxerimus
442 2535 718 2583 revocandas,
732 2533 857 2576 vobis
872 2533 1186 2574 committimus
1203 2548 1302 2573 cum
1325 2533 1598 2574 cohercionis
1611 2533 1820 2574 canonice

167 2614 396 2658 potestate.
475 2605 639 2644 Datum
679 2603 799 2657 apud
839 2602 1143 2653 Trottesclive,
1180 2602 1284 2656 iiijt0.
1323 2601 1546 2643 Kalendas
1580 2602 1819 2654 Februarii,

167 2687 284 2714 anno
305 2673 471 2714 domini
493 2672 722 2713 millesimo
743 2671 991 2725 ccc¹¹¹⁰.xlij⁰.

166 2853 242 2893 [Fo.
262 2863 325 2882 202
336 2851 382 2892 b.]

792 2905 963 2945 Prima
985 2911 1198 2946 tonsura.

183 2985 275 3014 1342.

174 3030 253 3061 Feb.
269 3041 298 3068 3.

268 3085 360 3118 l'irst
380 3089 528 3118 tonsure
547 3084 588 3117 of
603 3088 677 3117 two
696 3083 825 3118 clerks.
879 3082 1012 3116 Names
1031 3083 1064 3115 in
1084 3083 1213 3125 digest.
