1925 3451
157 185 238 222 660
694 180 981 241 Regy'slrum
1019 180 1085 225 H
1082 179 1271 225 amonis
1530 177 1646 241 [A.D.
1682 195 1697 225 1
1712 194 1772 238 34
1786 196 1798 224 1

154 313 377 354 decretum
401 313 601 367 predicta
621 326 706 366 pro
734 311 976 352 defectibus
1001 311 1339 365 quibuscunque
1371 312 1535 352 debent
1561 311 1808 365 aliqualiter

155 383 399 423 vendicare.
460 382 560 432 Que
581 381 758 434 quidem
784 379 1137 420 moderacionem
1159 390 1201 420 et
1222 380 1447 421 decretum
1474 395 1555 434 per
1581 395 1660 421 nos
1687 394 1806 421 com-

156 449 404 491 missarium
436 449 683 504 predictum
714 448 975 502 interposita
1009 448 1125 488 dicte
1160 458 1309 502 partes
1342 449 1625 502 postmodum
1655 463 1809 503 accep-

158 528 314 569 tantes,
335 534 394 559 ex
414 528 531 559 certa
551 517 737 558 sciencia
762 517 1083 571 omologantes,
1106 517 1225 557 omni
1254 516 1424 558 accioni
1451 517 1533 558 sibi
1561 517 1631 559 vel
1658 531 1809 557 earum

157 587 286 629 alicui
308 587 574 642 competenti
597 586 640 626 in
669 585 893 639 premissis
919 585 1234 626 renunciarunt
1258 600 1472 639 expresse
1497 600 1642 627 coram
1672 584 1809 626 nobis.

160 655 209 696 In
230 655 353 709 cujus
375 655 435 696 rei
456 654 754 695 testimonium
776 653 968 708 sigillum
990 653 1268 695 officialitatis
1290 654 1510 695 Roffensis
1532 669 1622 708 quo
1647 654 1813 695 utimur

158 724 201 764 in
223 724 369 765 officio
391 723 776 765 commissiariatus
803 723 940 763 nostri
968 722 1245 776 presentibus
1273 722 1410 763 literis
1437 723 1729 778 apposuimus
1756 722 1814 763 ad

157 803 362 847 rogatum
383 792 615 846 specialem
634 792 833 846 parcium
850 791 1161 845 predictarum.
1206 792 1369 833 Datum
1387 793 1506 846 apud
1523 791 1814 833 Trottesclive

157 861 262 914 xvij.
296 861 518 902 Kalendas
548 860 652 916 Julii
683 874 799 902 anno
835 860 1001 901 domini
1038 860 1271 902 millesimo
1304 867 1438 902 ccc¹¹¹⁰.
1472 860 1815 916 quadragesimo

160 944 322 984 primo.

163 1139 238 1180 [Fo.
260 1138 349 1179 193.]

876 1193 1107 1234 Claerlton.

164 1272 260 1301 1340·

161 1317 241 1355 Jun.
260 1327 311 1354 23.

260 1371 491 1415 [institution
510 1371 552 1405 of
564 1372 661 1416 John
680 1372 725 1405 de
746 1371 977 1416 Wiburham,
997 1372 1104 1416 lately
1120 1372 1264 1405 warden
1286 1371 1429 1416 (custos)
1446 1371 1487 1405 of
1502 1371 1666 1405 Aschton
1680 1370 1820 1414 chapel,

164 1431 198 1463 in
225 1430 287 1464 the
316 1430 461 1463 diocese
486 1430 527 1463 of
551 1430 645 1463 Bath
672 1431 741 1463 aud
769 1430 893 1472 Wells,
920 1435 959 1464 to
989 1430 1191 1463 Cherleton
1220 1431 1278 1472 R„
1304 1430 1353 1474 by
1380 1430 1566 1472 exchange
1594 1429 1681 1462 with
1710 1429 1821 1471 Hugh

163 1489 208 1522 de
236 1487 381 1522 Neiseo.
423 1489 557 1522 Patron
584 1488 646 1521 the
673 1488 783 1532 King,
810 1489 929 1530 owing
955 1492 995 1521 to
1021 1490 1164 1522 seizure
1191 1489 1233 1521 of
1254 1488 1509 1531 Bermondsey
1537 1487 1664 1531 Priory
1691 1487 1822 1528 during

166 1546 309 1579 French
325 1557 410 1580 war.
445 1547 541 1579 Oath
556 1546 595 1580 of
607 1547 821 1582 obedience.
862 1547 1043 1590 Hallyng’,
1058 1548 1101 1581 ix.
1122 1546 1205 1581 Kal.
1219 1545 1332 1590 July.]
1365 1548 1468 1581 For-m
1485 1548 1531 1588 of
1541 1547 1750 1591 resignation
1765 1556 1823 1581 :—

280 1615 329 1655 In
351 1615 422 1656 dei
444 1615 619 1656 nomine
640 1629 779 1658 amen.
834 1616 934 1669 Ego
958 1616 1097 1671 Hugo
1119 1616 1174 1656 de
1196 1615 1371 1665 Neiseo,
1395 1625 1540 1656 rector
1561 1613 1742 1655 ecclesie
1766 1614 1822 1654 de

165 1683 431 1733 Cherleton'‚
466 1684 688 1726 Roffensis
722 1684 922 1735 diocesis,
955 1684 1109 1726 volens
1142 1684 1370 1726 ecclesiam
1405 1698 1547 1724 meam
1584 1684 1822 1738 predictam

164 1767 262 1793 cum
279 1752 481 1808 Johanne
502 1754 558 1793 de
581 1753 870 1800 Wilburham‚
893 1753 1081 1794 habente
1110 1753 1323 1808 capellam
1350 1753 1406 1793 de
1430 1753 1673 1803 Aschtone‚
1696 1753 1823 1792 Bato—

166 1821 326 1861 niensis
346 1832 388 1861 et
410 1821 641 1862 Wellensis
667 1821 868 1871 diocesis,
889 1836 973 1876 pro
995 1822 1112 1863 dicta
1137 1821 1307 1876 capella
1328 1821 1537 1863 canonice
1559 1831 1824 1875 permutare,

166 1889 329 1931 dictam
350 1889 574 1930 ecclesiam
597 1903 740 1930 meam
763 1904 823 1930 ex
844 1904 974 1931 causa
997 1890 1344 1944 permutacionis
1372 1890 1569 1944 predicte
1597 1889 1641 1929 in
1671 1903 1826 1929 manus

166 1969 347 2007 vestras,
367 1958 617 2000 venerande
647 1968 773 2011 pater
803 1959 981 1999 domine
1014 1959 1163 2000 Hamo
1195 1958 1266 1999 dei
1297 1958 1447 2013 gracia
1479 1958 1699 1999 Roffensis
1730 1958 1823 2012 epi-

167 2041 302 2081 scope
342 2026 425 2068 loci
462 2027 706 2076 diocesane,
740 2027 935 2082 resigno,
966 2027 1198 2081 ipsamque
1233 2043 1280 2068 re
1313 2037 1357 2068 et
1390 2027 1526 2069 verbo
1560 2027 1731 2068 dimitto
1767 2041 1826 2068 ex

168 2110 297 2136 causa
319 2096 531 2151 predicta,
553 2095 660 2136 alias
684 2110 781 2136 eam
804 2096 1049 2137 nullatenus
1071 2096 1389 2151 resignaturuS.

175 2236 268 2264 1340.

170 2281 252 2320 July
269 2291 321 2312 22.

267 2335 377 2380 [John
404 2336 450 2369 de
476 2336 660 2379 Beylham,
687 2336 879 2369 instituted
909 2336 956 2380 by
982 2336 1099 2370 Adam
1125 2336 1356 2369 Murimouth
1386 2340 1424 2370 to
1450 2336 1665 2378 Tonbridge
1693 2336 1752 2378 V.‚
1779 2336 1828 2379 by

173 2394 291 2427 virtue
303 2394 345 2427 of
359 2393 421 2427 the
440 2394 597 2437 bishop‘s
614 2394 845 2427 commission
864 2395 906 2427 of
918 2395 1001 2440 July
1023 2407 1034 2427 1
1046 2406 1075 2436 5,
1089 2405 1136 2427 on
1156 2395 1341 2436 exchange
1356 2394 1443 2427 with
1458 2395 1546 2428 Alan
1560 2395 1605 2427 de
1619 2394 1828 2427 Lavenham

175 2452 232 2485 for
259 2452 486 2486 Chelsworth
514 2451 554 2487 R.
582 2451 651 2497 (co.
672 2452 842 2496 Suffessz),
861 2458 1026 2496 presents
1044 2453 1190 2486 Adani’s
1216 2452 1417 2486 certificate
1445 2453 1553 2486 dated
1579 2452 1662 2495 July
1684 2464 1739 2496 21,
1759 2452 1829 2485 and

175 2511 277 2544 takes
295 2511 357 2543 the
376 2510 462 2543 oath
480 2510 522 2544 of
536 2511 750 2545 obedience.
800 2511 831 2544 A
851 2511 1021 2544 mandate
1040 2511 1096 2544 sor
1113 2511 1302 2544 induction
1323 2511 1350 2544 is
1369 2511 1455 2544 then
1476 2510 1621 2555 issucd.]

233 2590 293 2645 xj.
319 2589 545 2631 Kalendas
565 2590 761 2644 Augusti
779 2604 896 2631 anno
912 2590 1077 2631 domini
1096 2590 1329 2631 millesimo
1343 2597 1475 2632 cccm0.
1490 2591 1830 2645 quadragesimo

177 2659 220 2698 in
243 2658 410 2713 capella
435 2659 601 2700 domini
626 2659 747 2713 apud
776 2658 990 2714 Hallyng‘
1010 2659 1275 2700 constitutus
1304 2659 1600 2713 personaliter
1627 2659 1831 2700 dominus

174 2727 396 2781 Johannes
426 2728 482 2768 de
515 2727 740 2782 Beylham,
768 2729 992 2781 quondam
1026 2738 1171 2768 rector
1207 2727 1387 2769 ecclesie
1419 2729 1475 2769 de
1512 2727 1831 2776 Chelesworth‚

181 2796 489 2850 Norwycensis
510 2796 710 2846 diocesis,
733 2796 945 2850 quasdam
975 2796 1123 2837 literas
1148 2797 1475 2838 certificatorias
1503 2796 1699 2851 magistri
1729 2796 1831 2836 Ade

181 2865 472 2918 Murymouth
519 2865 720 2906 canonici
768 2865 1106 2916 Londoniensis,
1148 2864 1295 2919 sigillo
1335 2864 1610 2907 officialitatis
1651 2864 1831 2906 ecclesie

182 2933 510 2975 Cantuariensis
529 2934 735 2989 signatas,
758 2933 961 2975 exhibuit
982 2948 1130 2976 coram
1155 2934 1338 2976 domino
1359 2945 1557 2976 tenorem
1589 2933 1664 2987 qui
1689 2933 1831 2987 sequi-

181 3012 251 3042 tur
272 3002 546 3044 continentes
563 3020 631 3044 :—
