1925 3451
192 198 272 248 678
735 192 1023 254 Regz'slmmn
1060 191 1307 237 Hamonis
1577 190 1694 253 [Ab.
1725 205 1844 249 1342

193 327 386 382 priorem
416 337 457 367 et
479 324 722 379 capitulum
744 324 926 365 ecclesie
948 333 1095 364 nostre
1117 323 1314 377 predicte
1330 323 1464 377 juxta
1484 322 1849 364 consuetudinem

193 395 390 450 ejusdem
422 394 503 434 rite
535 392 770 443 nominati3
815 391 892 432 tibi
924 391 1243 432 committimus
1273 400 1317 431 et
1350 391 1610 431 mandamus
1641 390 1849 444 quatinus

194 463 388 518 prefatos
414 463 568 503 fratres
584 461 834 516 Johannem
860 460 914 500 de
940 459 1143 499 Renham
1172 459 1215 499 in
1243 459 1516 510 celerarium,
1540 470 1583 500 et
1606 459 1849 500 Henricum

193 533 249 573 de
272 532 539 585 Hengeseye
560 530 603 569 in
625 539 929 584 precentorem
952 527 1149 581 ejusdem
1173 538 1321 569 nostre
1350 527 1532 569 ecclesie
1551 528 1666 583 jure,
1689 527 1784 568 vice
1805 537 1849 568 et

193 600 455 642 auctoritate
478 598 636 639 nostris
656 598 901 638 secundum
922 610 1093 637 morem
1115 596 1324 637 hactenus
1337 598 1633 652 approbatum
1649 596 1850 652 preficias

194 677 239 710 et
270 669 314 710 in
347 667 490 709 officia
521 667 721 721 predicta
752 667 959 717 inducas;
1001 665 1348 707 contradictores
1379 675 1422 706 et
1453 665 1637 707 rebelles
1668 665 1703 706 si
1736 679 1851 719 quos

193 737 411 780 inveneris
444 751 524 790 per
561 749 850 789 quascunque
883 747 1093 775 censuras
1134 733 1449 776 ecclesiasticas
1488 734 1695 776 canonice
1731 748 1850 776 com-

193 806 439 861 pescendo:
468 805 524 844 ad
541 819 628 858 que
645 803 795 845 omnia
815 814 858 844 et
874 802 1049 858 singula
1066 802 1264 844 facienda
1280 813 1323 843 et
1338 804 1585 844 exercenda
1602 803 1679 843 tibi
1698 813 1851 844 tenore

193 874 470 929 presencium
493 873 807 914 committimus
830 881 1107 926 potestatem.
1173 872 1287 913 Date
1308 872 1429 926 apud
1450 871 1741 914 Trottesclive
1758 871 1848 927 vij0.

195 943 421 984 Kalendas
440 941 613 997 Aprilis
633 955 749 982 anno
772 941 941 982 domini
964 939 1199 982 millesimo
1220 946 1354 983 6661110.
1379 941 1502 983 Χ1.1110.
1523 941 1732 983 secundo.

196 1045 282 1075 Mar.
301 1054 354 1083 30.

291 1097 537 1142 [Ordination.
589 1096 724 1129 Names
743 1097 778 1128 in
799 1095 942 1140 digest]

311 1166 505 1207 Ordines
526 1164 734 1207 celebrati
756 1179 839 1219 per
859 1163 1156 1206 venerabilem
1170 1174 1342 1218 patrem
1356 1164 1585 1205 dominum
1602 1165 1851 1205 Hamonem

193 1235 264 1276 dei
299 1234 450 1289 gracia
485 1235 741 1275 Roffensem
774 1232 1037 1287 episcopum
1071 1233 1141 1273 die
1176 1233 1360 1274 Sabbati
1402 1233 1446 1273 in
1483 1233 1635 1288 vigilia
1671 1232 1852 1283 Pasche,

193 1303 397 1345 videlicet
424 1302 500 1356 iij0.
533 1302 758 1344 Kalendas
787 1301 961 1356 Aprilis
985 1316 1102 1343 anno
1128 1302 1295 1342 domini
1325 1301 1558 1343 millesimo
1584 1308 1717 1344 ccc¹¹¹0.
1746 1316 1852 1355 qua-

194 1373 445 1428 dragesimo
466 1372 675 1413 secundo.

194 1475 225 1505 A
272 1499 279 1506 .
303 1485 330 1507 1.

229 1486 269 1515 pr
293 1527 482 1572 [Licence,
499 1527 546 1570 by
566 1526 666 1560 word
688 1525 730 1559 of
750 1525 891 1568 mouth,
910 1530 949 1559 to
972 1526 1071 1570 John
1097 1526 1141 1559 de
1166 1526 1392 1570 Payneswik,
1412 1530 1536 1560 rector
1562 1525 1604 1559 of
1628 1525 1795 1570 Hartley‚
1814 1528 1854 1559 to

194 1586 241 1619 be
258 1586 385 1619 absent
402 1585 460 1619 for
477 1595 548 1618 one
568 1595 656 1629 year
675 1584 709 1617 in
727 1584 791 1617 the
809 1584 950 1618 service
969 1583 1011 1617 of
1026 1584 1086 1617 Sir
1108 1584 1265 1618 Richard
1286 1584 1453 1629 Talbot.]

310 1654 652 1696 Memorandum
683 1653 806 1707 quod
835 1652 1049 1694 Kalendis
1080 1652 1253 1709 Aprilis
1280 1668 1397 1695 anno
1425 1652 1593 1694 domini
1621 1652 1854 1693 millesimo

195 1727 330 1763 ccc¹¹¹0.
355 1720 698 1775 quadragesimo
715 1720 912 1761 secundo
928 1720 1134 1760 dominus
1146 1719 1362 1761 concessit
1383 1720 1565 1761 domino
1584 1718 1773 1775 Johanni
1798 1719 1854 1759 de

198 1787 474 1842 Payneswik,
508 1787 668 1827 rectori
700 1785 883 1827 ecclesie
914 1786 970 1826 de
1002 1785 1251 1841 Hertlegh',
1280 1786 1508 1827 licenciam
1538 1797 1748 1827 oretenus
1775 1785 1852 1826 ob-

197 1866 321 1898 tentu
362 1856 588 1896 literarum
630 1855 801 1896 domini
845 1855 1023 1895 Ricardi
1063 1855 1265 1905 Talebot,
1307 1855 1428 1909 quod
1470 1855 1586 1896 idem
1627 1864 1771 1895 rector
1812 1853 1854 1893 in

197 1925 413 1979 obsequio
442 1924 545 1967 dicti
578 1924 747 1966 domini
780 1923 958 1964 Ricardi
994 1934 1111 1965 stare
1143 1924 1283 1978 possit
1313 1938 1394 1978 per
1424 1939 1561 1965 unum
1592 1937 1769 1974 annum,
1796 1922 1857 1963 ita

198 1994 319 2047 quod
351 1993 638 2034 sufficientem
670 1993 713 2032 in
745 2007 823 2033 sua
853 1992 1036 2033 ecclesia
1066 1993 1226 2033 habeat
1258 2003 1605 2047 procuratorem,
1638 2002 1682 2032 et
1712 1992 1855 2033 eidem

199 2062 381 2104 ecclesie
404 2076 482 2103 sue
504 2061 778 2103 deserviatur
799 2060 1077 2101 laudabiliter
1098 2061 1141 2101 in
1162 2061 1335 2103 divinis.

908 2250 1158 2306 Serjcmcz'a.

200 2323 285 2362 Apr.
304 2332 356 2360 24.

296 2377 432 2421 [Benet
451 2376 495 2409 de
518 2375 713 2409 Fulkstane
734 2376 760 2408 is
778 2375 977 2419 appointed
996 2379 1117 2408 cutter
1136 2376 1170 2408 in
1190 2375 1252 2408 the
1270 2375 1401 2419 tailory
1420 2376 1496 2409 vice
1516 2374 1674 2409 Richard
1697 2374 1808 2419 Rom]

318 2445 424 2487 viii0.
450 2444 675 2485 Kalendas
696 2444 802 2485 Maii
824 2458 942 2485 anno
963 2443 1129 2485 domini
1147 2443 1355 2498 proximo
1376 2444 1631 2499 supradicto
1653 2444 1859 2485 dominus

203 2514 390 2556 contulit
422 2514 544 2568 apud
574 2513 869 2555 Trottesclive
903 2513 1140 2554 Benedicto
1177 2514 1232 2554 de
1270 2513 1527 2563 Fulkstane,
1561 2513 1733 2564 clerico,
1771 2527 1858 2553 ser-

194 2583 386 2638 janciam
409 2582 584 2623 sissoris
608 2582 651 2622 in
674 2582 861 2622 sartoria
882 2581 1063 2622 ecclesie
1085 2581 1346 2623 cathedralis
1375 2582 1607 2632 Roffensis,
1629 2592 1857 2623 vacantem

202 2664 284 2703 per
304 2659 491 2689 mortem
514 2648 693 2688 Ricardi
715 2647 833 2699 Rolf,
856 2647 996 2688 ultimi
1018 2647 1193 2700 serjanti
1211 2648 1256 2688 in
1279 2648 1446 2697 eadem,
1468 2663 1567 2689 cum
1589 2647 1859 2701 suisjuribus

202 2728 246 2758 et
269 2717 551 2771 pertinenciis
572 2716 803 2758 universis.
863 2717 920 2757 Et
941 2716 1165 2757 mandavit
1187 2732 1287 2757 eum
1308 2717 1453 2757 induci
1471 2731 1550 2771 per
1571 2716 1858 2758 camerarium

202 2786 384 2827 ecclesie
406 2786 617 2840 predicte,
639 2785 714 2840 qui
737 2796 839 2826 tunc
862 2787 1000 2826 fuerat
1022 2786 1155 2826 frater
1176 2785 1424 2827 willelmus
1444 2787 1499 2827 de
1523 2786 1772 2827 Bromfeld'.

203 2934 278 2975 [Fo.
302 2945 358 2973 197
371 2934 419 2974 b.]

918 2986 1174 3040 Eylz‘gford.

205 3054 285 3094 May
307 3065 332 3086 1.

298 3108 494 3153 [Collation
517 3109 558 3142 of
583 3108 721 3141 Robert
749 3108 886 3151 Brotyn
912 3107 953 3141 os
976 3108 1241 3152 Freckenham‚
1262 3108 1438 3152 chaplain,
1457 3113 1495 3142 to
1520 3108 1714 3153 Aylesford
1742 3108 1782 3142 V.
1808 3118 1855 3141 on

204 3166 267 3199 the
286 3168 505 3209 resignation
528 3167 570 3200 of
587 3167 697 3210 Hugh
717 3167 761 3200 de
782 3165 947 3209 Halum]
