1925 3451
166 231 244 269 710
707 214 993 277 Regz’strnm
1030 215 1278 261 Hamonz's
1545 212 1662 277 [A.D.
1688 229 1809 274 1343

786 409 956 448 Prima
977 413 1188 448 tonsura.

164 479 182 516 J
188 490 206 509 u
212 489 252 508 ne
269 479 300 508 8.

262 533 372 577 [First
391 537 538 565 tonsure
557 532 598 565 of
613 531 695 565 four
713 531 843 564 clerks.
893 530 1026 563 Names
1044 531 1078 563 in
1098 529 1239 573 digest]

282 603 390 642 Item
424 601 513 654 vjss'.
546 601 649 641 Idus
680 599 798 655 Junii
834 613 952 640 anno
987 598 1153 640 domini
1187 598 1442 652 supradicto
1478 598 1521 638 in
1556 597 1726 652 capella
1759 598 1815 637 de

166 670 390 725 Hallyng',
413 669 635 711 Roffensis
656 668 857 718 diocesis,
879 667 1067 709 ordinati
1093 668 1269 708 fuerunt
1296 668 1352 707 ad
1378 667 1565 721 primam
1592 677 1816 708 tonsuram

165 739 367 782 videlieet
385 755 454 780 :—

166 1070 240 1112 [Fo.
261 1072 325 1101 206
338 1071 385 1111 b.]

280 1136 586 1189 Dzspensacm
607 1136 810 1177 Ricm‘dz‘
824 1136 879 1176 de
905 1134 1182 1176 Cnlelestane
1201 1139 1346 1187 super
1365 1135 1712 1189 legz'lzmacz'one.

170 1207 263 1245 1338.

165 1261 242 1299 Jan.
261 1271 311 1292 22.

263 1315 535 1360 [Dispensation
555 1314 601 1359 by
621 1315 742 1355 Peter,
764 1314 1054 1356 cardinal-priest
1079 1312 1120 1345 of
1145 1313 1198 1347 St.
1218 1312 1474 1346 Praxed’s—in
1499 1313 1615 1346 virtue
1641 1312 1683 1346 of
1704 1324 1724 1346 a
1749 1313 1820 1345 bnll

167 1376 209 1408 of
231 1375 409 1407 Benedict
434 1374 524 1416 XII,
550 1373 661 1407 dated
694 1385 735 1414 25
759 1374 865 1417 June,
885 1383 985 1414 1337,
1005 1372 1252 1415 empowering
1276 1372 1348 1404 him
1374 1372 1444 1404 and
1469 1371 1522 1404 his
1547 1371 1822 1405 fellow-nuncio

168 1433 362 1475 Bertrand,
395 1432 714 1465 cardinal-deacon
745 1430 786 1464 of
817 1430 869 1464 St.
902 1430 1041 1473 Mary’s
1071 1431 1105 1463 in
1136 1430 1278 1474 Aquiro,
1309 1429 1440 1471 during
1473 1429 1568 1463 their
1603 1430 1746 1462 mission
1783 1434 1823 1462 to

170 1492 310 1524 France
336 1491 405 1524 and
438 1490 614 1532 Enghrnd,
640 1495 679 1522 to
705 1489 870 1532 dispense
895 1501 959 1521 100
987 1488 1209 1530 illegitimate
1234 1487 1363 1530 clerks,
1391 1491 1454 1520 not
1481 1487 1573 1520 born
1600 1488 1643 1520 of
1665 1488 1822 1521 married

169 1555 324 1594 parents,
344 1554 382 1582 to
402 1549 542 1582 receive
562 1548 859 1581 ordination—to
886 1547 1045 1580 Richard
1072 1547 1188 1590 Aleyn
1215 1544 1256 1579 of
1279 1546 1437 1587 Cuxton,
1463 1557 1528 1579 son
1556 1545 1596 1579 of
1620 1545 1747 1579 Simon
1778 1546 1823 1579 de

170 1609 403 1651 Bradestede‚
429 1613 468 1641 to
492 1608 537 1641 be
562 1607 735 1640 ordained
761 1607 831 1640 and
858 1607 943 1640 hold
969 1617 988 1639 a
1015 1605 1179 1639 benefice
1203 1605 1291 1638 with
1317 1616 1415 1648 cure,
1440 1609 1504 1638 not
1532 1605 1565 1637 in
1594 1616 1613 1638 a
1639 1605 1823 1638 cathedra]

168 1667 318 1710 church,
338 1678 385 1700 on
405 1667 466 1699 the
485 1666 584 1699 usual
603 1666 831 1708 conditions;
864 1665 1022 1699 Richard
1042 1665 1069 1697 is
1087 1664 1149 1697 the
1167 1663 1406 1708 sixty-eighth
1426 1663 1525 1696 clerk
1544 1663 1763 1707 dispensed]

285 1736 439 1776 Petrus
461 1735 748 1776 miseracione
768 1734 917 1776 divina
938 1733 1052 1775 tituli
1075 1743 1225 1773 sancte
1245 1732 1458 1772 Praxedis
1480 1732 1713 1786 presbyter
1733 1747 1824 1773 car-

169 1805 338 1854 dinalis,
370 1803 610 1858 apostolice
642 1803 757 1845 sedis
789 1804 986 1853 nuncius,
1014 1802 1174 1843 dilecto
1201 1801 1328 1842 nobis
1356 1800 1399 1841 in
1427 1800 1604 1841 Christo
1634 1801 1826 1842 Ricardo

170 1874 320 1928 Aleyn
338 1874 393 1913 de
410 1872 693 1923 Cuklestane‚
712 1882 815 1913 nato
834 1871 1045 1926 Symonis
1062 1872 1117 1911 de
1135 1870 1414 1919 Bradestede,
1432 1869 1593 1910 clerico
1607 1870 1828 1911 Roffensis

171 1943 369 1990 diocesis,
391 1941 572 1982 salutem
595 1941 636 1981 in
660 1941 854 1982 domino.
899 1939 1211 1981 Sanctissimus
1232 1949 1358 1993 pater
1379 1950 1421 1979 et
1444 1939 1647 1979 dominus
1667 1948 1826 1987 noster,

171 2012 377 2053 dominus
411 2010 670 2050 Benedictus
701 2010 849 2051 divina
877 2009 1161 2063 providencia
1187 2022 1303 2062 papa
1327 2007 1433 2057 XII,
1460 2021 1538 2048 nos
1566 2008 1622 2047 ad
1646 2007 1828 2048 Francie

172 2091 216 2122 et
237 2080 404 2135 Anglie
424 2090 574 2133 partes
595 2092 679 2132 pro
700 2078 872 2133 magnis
894 2089 935 2119 et
958 2078 1105 2118 arduis
1126 2077 1322 2131 negociis
1338 2076 1609 2125 destinando,
1627 2085 1829 2130 patentes

172 2149 317 2190 literas
347 2148 613 2202 apostolicas
644 2148 737 2202 ejus
769 2161 874 2188 vera
905 2146 1025 2187 bulla
1056 2146 1265 2200 plumbea
1295 2146 1482 2186 bullatas
1514 2145 1643 2186 nobis
1674 2145 1717 2185 in
1749 2145 1828 2185 hac

175 2218 335 2259 forma¹
360 2217 660 2258 concessit:—

178 2332 271 2361 1337·

174 2377 264 2415 June
283 2386 334 2414 24.

292 2440 555 2481 Benedictus
577 2439 826 2493 episcopus,
849 2452 1000 2480 servus
1021 2452 1247 2479 servorum
1270 2437 1355 2487 dei,
1378 2436 1549 2477 dilectis
1579 2436 1677 2476 filiis
1699 2436 1831 2477 Petro

175 2510 289 2550 tituli
322 2520 470 2550 sancte
506 2507 719 2549 Praxedis
755 2508 1031 2562 presbytero,
1067 2517 1110 2546 et
1149 2506 1394 2546 Bertrando
1428 2515 1578 2547 sancte
1612 2505 1749 2545 Marie
1786 2504 1829 2544 in

176 2579 353 2632 Aquiro
383 2578 582 2626 diacono,
611 2576 918 2624 cardinalibus,
947 2575 1188 2629 apostolice
1219 2575 1334 2615 sedis
1366 2574 1546 2625 nunciis,
1575 2573 1759 2614 salutem
1788 2584 1830 2614 et

175 2647 464 2702 apostolicam
487 2646 853 2687 benediccionem.
917 2644 1030 2685 Cum
1052 2659 1133 2685 vos
1155 2644 1209 2684 ad
1233 2643 1419 2684 Francie
1441 2654 1484 2683 et
1507 2642 1672 2697 Anglie
1695 2656 1831 2696 regna

176 2731 260 2771 pro
289 2715 461 2770 magnis
492 2726 534 2756 et
559 2715 706 2755 arduis
736 2713 931 2768 negociis
956 2712 1245 2763 destinemus,
1266 2726 1362 2761 nos,
1385 2711 1586 2753 volentes
1608 2711 1733 2752 vobis
1757 2709 1831 2750 illa

177 2786 420 2827 concedere
446 2799 526 2838 per
555 2799 641 2838 que
666 2782 851 2823 aliorum
876 2781 1006 2823 statui
1038 2791 1079 2822 et
1111 2781 1241 2821 saluti
1273 2780 1501 2821 consulere
1531 2778 1724 2829 valeatis,
1745 2779 1830 2818 dis-

179 2853 406 2908 pensandi,
430 2852 680 2906 hujusmodi
703 2851 988 2905 negociorum
1012 2859 1159 2891 vestra
1181 2848 1497 2904 prosecucione
1519 2849 1716 2897 durante,
1733 2862 1831 2888 cum

178 2933 352 2963 centum
374 2921 542 2962 clericis
571 2934 810 2975 regnorum
839 2919 1139 2973 predictorum
1172 2919 1228 2959 de
1258 2918 1404 2959 soluto
1432 2916 1592 2972 genitis
1618 2926 1660 2956 et
1688 2915 1833 2955 soluta

179 2992 300 3045 quod
330 2989 581 3044 hujusmodi
615 3003 703 3030 non
735 2989 937 3029 obstante
969 2987 1142 3028 defectu
1173 2986 1346 3041 possint
1377 2986 1432 3026 ad
1469 2999 1623 3026 omnes
1656 2983 1833 3025 ordines

179 3059 431 3113 promoveri
473 3069 515 3098 et
557 3057 896 3099 ecclesiasticum
937 3056 1210 3106 beneficium,
1246 3056 1352 3096 dum
1385 3065 1530 3095 tamen
1572 3053 1615 3092 in
1654 3051 1835 3093 ecclesia

708 3194 718 3213 ¹
742 3192 915 3222 subs-titur
926 3192 1015 3231 dsor
1033 3197 1129 3231 parte
1144 3190 1305 3221 cancelled.
