1925 3451
143 205 221 243 720
695 193 977 254 Registmm
1013 192 1263 238 Hermonis
1530 192 1645 257 [AD.
1677 211 1796 256 1343

143 329 275 369 debet
316 339 361 370 et
401 329 559 383 injuste
593 329 771 379 detinet,
803 339 851 369 ut
882 329 1002 379 dicit,
1033 329 1146 370 sicut
1186 330 1512 371 racionabiliter
1552 343 1799 374 monstrare

141 397 305 451 poterit
336 398 458 451 quod
491 397 594 438 inde
624 398 892 451 respondere
922 398 1065 439 debet.
1129 398 1185 438 Et
1216 398 1412 439 habeatis
1444 399 1503 440 ibi
1536 399 1621 441 hoc
1651 401 1796 443 breve.

141 466 278 507 Teste
299 467 368 507 W,
390 467 446 506 de
469 465 621 507 Stowe
642 466 763 519 apud
785 466 1227 507 Westmonasterium
1244 466 1346 520 viiij.
1366 467 1438 508 die
1457 468 1664 509 Octobris
1680 483 1798 511 anno

141 535 269 589 regni
311 534 448 575 nostri
489 534 657 588 Anglie
688 534 860 575 decimo
891 534 1096 588 septimo,
1128 535 1255 589 regni
1286 549 1392 577 vero
1433 537 1570 577 nostri
1612 537 1798 579 Francie

141 613 314 657 quarto.

258 671 382 713 Scire
396 672 606 726 dignetur
619 671 886 712 excellencia
902 672 1025 726 regia
1038 673 1159 726 quod
1171 673 1417 728 Johannem
1436 673 1492 714 de
1509 673 1797 727 Payneswik‘‚

139 754 378 794 personam
400 739 580 781 ecclesie
603 740 658 780 de
680 740 877 790 Hertele,
900 750 1048 780 nostre
1076 741 1274 790 diocesis,
1296 741 1428 782 citare
1458 756 1548 783 non
1570 742 1797 796 potuimus

138 809 220 850 ista
246 809 354 859 vice,
377 823 460 863 pro
489 822 543 849 eo
568 808 690 862 quod
722 808 1015 850 incarceratus
1045 820 1109 850 est
1137 809 1373 851 Londonie
1403 811 1525 865 apud
1558 812 1798 865 Newegate

138 888 272 932 prout
293 877 544 931 accepimus
564 892 624 917 ex
646 877 896 918 testimonio
918 878 1157 932 fidedigno.

793 1037 951 1077 Nortlz
979 1036 1133 1090 Creye.

139 1094 224 1126 Nov.
242 1104 273 1133 3.

234 1149 411 1194 [Richard
438 1149 482 1182 de
510 1148 700 1192 Cokefeld,
727 1153 852 1183 rector
878 1148 919 1182 of
942 1149 1062 1182 North
1090 1150 1196 1193 Cray,
1224 1149 1251 1182 is
1277 1150 1434 1183 excused
1461 1149 1518 1183 for
1543 1150 1699 1184 absence
1726 1151 1794 1184 and

136 1207 334 1250 permitted
354 1212 393 1241 to
412 1208 550 1240 remain
571 1207 698 1240 absent
717 1207 771 1240 till
791 1206 1041 1250 Michaelmas,
1065 1206 1183 1251 1344]

253 1276 594 1317 Memorandum
626 1276 747 1330 quod
776 1275 847 1316 die
876 1276 1017 1326 Lune,
1038 1276 1241 1317 videlicet
1264 1275 1320 1330 iij.
1343 1277 1496 1317 Nonas
1519 1277 1797 1327 Novembris,

135 1345 341 1386 dominus
362 1345 630 1399 approbavit
650 1345 897 1385 absenciam
914 1345 1079 1386 domini
1098 1345 1276 1386 Ricardi
1294 1346 1349 1385 de
1365 1345 1596 1398 Cokeseld‚
1614 1346 1796 1386 rectoris

136 1414 317 1455 ecclesie
338 1414 393 1454 de
416 1415 561 1455 North
590 1414 747 1468 Creye,
771 1428 912 1467 usque
940 1415 996 1454 ad
1021 1414 1140 1454 diem
1168 1414 1295 1454 Lune
1323 1415 1585 1468 predictum,
1607 1425 1651 1454 et
1673 1414 1795 1455 dedit

134 1483 218 1524 sibi
258 1483 485 1524 licenciam
528 1483 783 1524 absentandi
820 1497 867 1523 se
910 1497 1049 1537 usque
1090 1484 1147 1524 ad
1188 1483 1346 1524 festum
1390 1483 1529 1524 sancti
1567 1483 1795 1524 Michaelis

136 1552 346 1606 proximo
377 1562 481 1593 tunc
514 1553 708 1593 futurum
739 1566 764 1592 a
795 1551 914 1593 dicto
946 1553 1016 1592 die
1047 1552 1173 1592 Lune
1203 1566 1319 1592 anno
1347 1552 1513 1593 domini
1550 1558 1623 1593 m0.
1655 1558 1793 1594 cccm0.

134 1621 263 1663 xliii0.

136 1724 209 1765 [Fo.
228 1723 323 1764 209.]

136 1778 223 1808 Nov.
242 1789 296 1808 20.

232 1833 505 1877 [Dispensation
525 1833 583 1867 for
597 1834 758 1867 William
778 1834 823 1867 de
846 1833 1059 1875 Redeswell,
1075 1838 1200 1867 rector
1212 1832 1254 1866 of
1268 1832 1537 1875 Luddesdown,
1549 1837 1588 1866 to
1604 1833 1650 1866 be
1665 1833 1792 1866 absent

135 1891 240 1924 while
259 1891 427 1935 studying
446 1897 481 1924 at
499 1903 543 1924 an
564 1890 789 1935 university]

252 1961 588 2001 Memorandum
611 1961 734 2014 quod
754 1960 830 2014 xij.
855 1959 1078 2001 Kalendas
1106 1959 1362 2001 Decembris
1382 1973 1499 2000 anno
1524 1959 1691 2000 domini
1716 1966 1790 2002 m0.

134 2035 267 2071 ccc¹¹¹0.
312 2029 654 2083 quadragesimo
695 2029 833 2070 tercio
873 2028 1079 2069 dominus
1120 2027 1391 2082 dispensavit
1431 2043 1532 2069 cum
1574 2028 1790 2083 magistro

134 2097 357 2139 Willelmo
370 2098 425 2138 de
443 2098 713 2147 Redeswell'‚
731 2097 1015 2146 subdiacono,
1033 2108 1204 2137 rectore
1220 2096 1403 2137 ecclesie
1421 2099 1475 2137 de
1495 2097 1791 2147 Luddesdon’,

134 2177 183 2208 ut
204 2167 344 2222 possit
374 2167 417 2207 in
447 2166 618 2221 Anglia
642 2166 711 2208 vel
737 2166 840 2207 alibi
870 2165 946 2206 ubi
972 2165 1197 2206 literarum
1224 2165 1419 2206 studium
1442 2165 1563 2221 viget
1583 2166 1789 2220 generale

133 2237 311 2277 studere
332 2251 357 2277 a
378 2246 577 2290 tempore
595 2235 884 2276 institucionis
900 2249 978 2275 sue
993 2235 1236 2275 secundum
1255 2235 1444 2274 formam
1460 2234 1790 2276 constitucionis

132 2305 300 2346 domini
324 2305 534 2345 Bonifacii
551 2318 685 2358 super
702 2304 785 2345 hoc
803 2303 946 2344 edite1
974 2336 981 2344 .
1007 2336 1014 2344 .
1038 2337 1045 2344 .
1069 2314 1112 2344 et
1135 2303 1257 2357 quod
1279 2303 1456 2344 interim
1479 2317 1565 2344 non
1588 2313 1790 2344 teneatur

132 2375 189 2415 ad
212 2373 441 2415 ulteriores
461 2374 640 2414 ordines
662 2372 926 2427 promoveri.

485 2547 526 2589 C
524 2548 762 2588 07127722'552'0
771 2551 870 2599 pro
889 2547 1133 2588 ordinibus
1152 2547 1448 2588 celebrandae.

136 2606 217 2636 Dee.
239 2607 269 2637 8.

228 2660 402 2705 [Licence
429 2665 469 2693 to
499 2660 656 2693 Richard
683 2659 879 2704 [Lem-ede,
903 2659 1035 2704 O.M.]‚
1054 2659 1183 2702 bishop
1209 2659 1250 2692 of
1270 2661 1419 2704 Ossory,
1437 2663 1477 2692 to
1501 2659 1586 2692 hold
1611 2669 1630 2691 a
1654 2659 1786 2701 special

132 2720 337 2753 ordination
363 2719 419 2752 for
442 2720 610 2761 religions
636 2719 707 2752 and
731 2718 787 2751 sor
807 2719 948 2752 secular
971 2719 1089 2752 clerks
1113 2718 1259 2761 holding
1283 2719 1411 2752 letters
1432 2719 1623 2762 dimissory
1644 2719 1677 2751 in
1700 2718 1786 2751 East

132 2779 350 2811 Greenwich
370 2778 508 2811 clun-ch
529 2789 575 2811 on
596 2778 686 2810 Dec.
709 2788 764 2819 20,
788 2776 903 2820 1343]

246 2846 500 2888 Venerabili
518 2846 560 2886 in
577 2845 755 2887 Christo
773 2846 899 2900 patri,
915 2845 1095 2887 domino
1116 2845 1308 2887 Ricardo
1325 2845 1394 2885 dei
1411 2845 1560 2900 gracia
1573 2845 1785 2899 episcopo

133 2915 396 2965 Ossoriensi,
418 2916 550 2956 frater
571 2917 731 2963 Hamo‚
752 2913 948 2968 ejusdem
977 2914 1266 2968 permissione
1296 2914 1514 2954 Roffensis
1536 2914 1779 2967 episcopus,

131 2985 318 3026 salutem
359 2994 402 3025 et
443 2986 683 3024 fraternam
721 2983 764 3023 in
807 2983 988 3024 domino
1030 2985 1266 3024 caritatem.
1331 2982 1600 3024 Devocionis
1640 2993 1784 3023 vestre

131 3053 543 3107 promptitudinem,
567 3067 699 3106 quam
723 3052 767 3092 in
791 3052 1066 3105 exequendis
1093 3051 1420 3105 pontificalibus
1445 3051 1598 3092 officiis
1620 3050 1782 3091 habere

330 3175 336 3193 ¹
364 3175 396 3204 A
417 3180 499 3206 caret
517 3175 613 3205 mark
628 3175 709 3213 llere,
728 3175 786 3204 bul
802 3175 851 3204 tl1e
861 3173 978 3214 period
991 3173 1136 3212 osstudy
1150 3173 1212 3203 llas
1228 3176 1285 3203 not
1299 3173 1372 3202 been
1390 3173 1513 3202 written
1531 3172 1576 3203 in.
