1925 3451
87 210 183 240 A.D.
218 192 365 253 1341]
657 189 888 252 Episcopi
920 187 1161 250 Rqffensis
1659 187 1739 237 659

87 327 171 369 only
189 326 270 359 held
288 325 351 359 the
369 329 516 369 rectory
530 329 603 358 two
617 336 732 369 years,
748 324 818 357 had
834 324 902 357 had
920 327 959 356 to
977 322 1090 366 spend
1110 321 1189 358 <2960
1208 333 1255 354 on
1273 321 1336 354 the
1356 321 1492 364 repairs
1509 319 1574 353 left
1593 318 1738 351 undone

87 385 135 428 by
153 384 206 417 his
229 383 465 427 predecessor
493 383 653 416 Richard
680 383 837 424 Duram,
855 381 925 415 and
951 381 1021 414 had
1047 380 1113 413 left
1137 379 1253 413 books
1279 379 1348 412 and
1374 382 1585 412 ornaments
1610 381 1650 410 to
1676 375 1739 408 the

87 441 223 475 church
242 441 359 474 worth
387 442 454 475 five
480 441 611 484 marks,
637 441 664 474 it
691 441 718 473 is
743 439 924 483 adjudged
949 439 1029 472 that
1055 439 1118 472 the
1144 442 1338 471 executors
1365 436 1453 469 shall
1480 447 1546 479 pay
1568 435 1651 478 only
1670 433 1737 466 five

89 500 208 533 marks
234 499 291 533 for
316 499 519 541 rebuilding
542 510 561 532 a
585 499 674 532 barn
699 499 769 532 and
794 497 974 541 repairing
997 497 1059 530 the
1084 495 1236 530 chancel
1254 495 1325 528 and
1346 499 1505 538 rectory,
1525 493 1595 526 and
1616 503 1663 532 7s.
1683 491 1740 524 for

88 558 206 591 minor
234 556 369 601 repairs
399 562 437 590 to
454 557 519 590 silk
549 561 749 590 vestments
782 556 852 589 and
885 559 1109 589 ornaments
1159 554 1256 587 Both
1291 554 1424 597 parties
1457 551 1633 595 accepted
1668 550 1739 583 this

87 614 272 660 decisiom]

202 684 417 726 Noverint
436 683 627 725 universi
644 684 767 737 quod
788 698 886 723 cum
908 680 1167 723 venerabilis
1189 690 1315 735 pater
1336 680 1542 721 dominus
1557 678 1571 701 ¹
1594 677 1740 718 Hamo

88 754 158 795 dei
193 752 343 808 gracia
377 753 599 794 Roffensis
638 752 873 805 episcopus
915 765 1059 804 nuper
1100 750 1156 790 ad
1201 749 1534 804 promocionem
1574 745 1740 787 domini

89 822 263 863 'l‘home
279 821 334 862 de
356 821 491 875 Hope
512 821 697 862 rectoris
717 819 897 862 ecclesie
916 820 971 859 de
994 818 1204 860 Kemesin
1210 833 1279 873 ge,
1298 816 1521 859 Roffensis
1540 814 1740 864 diocesis,

88 905 222 945 super
263 890 505 931 defectibus
544 900 634 931 tam
676 889 719 929 in
761 888 967 936 cancello,
1002 888 1137 937 libris,
1179 886 1459 939 vestimentis,
1500 884 1743 937 ceterisque

88 959 359 1001 ornamentis
380 959 561 1000 ecclesie
590 958 788 1013 predicte
813 968 855 998 et
881 956 1050 1011 capelle
1076 957 1131 997 de
1159 955 1200 996 la
1230 955 1333 997 Sele
1364 952 1657 1009 dependentis
1688 953 1742 992 ab

88 1030 242 1070 eadem
264 1042 398 1082 quam
420 1028 462 1068 in
485 1027 667 1068 edificiis
688 1038 731 1067 et
752 1025 965 1068 clausuris
986 1025 1172 1067 rectorie
1193 1025 1297 1066 dicti
1319 1024 1402 1066 loci
1425 1034 1525 1078 post
1556 1033 1742 1063 mortem

90 1097 256 1138 domini
280 1097 464 1138 Gilberti
493 1098 548 1137 de
571 1095 801 1137 Keleshull
825 1095 967 1136 ultimi
998 1094 1182 1135 rectoris
1207 1093 1368 1134 ibidem
1400 1091 1741 1140 imminentibus,

90 1165 229 1220 ipsius
249 1165 415 1207 domini
433 1164 621 1207 Gilberti
643 1164 956 1205 executoribus
978 1163 1227 1204 testamenti
1249 1162 1446 1217 legitime
1468 1159 1743 1215 premunitis‚

89 1249 172 1290 per
198 1234 431 1275 duodecim
453 1234 571 1276 viros
593 1233 843 1286 fidedignos
863 1231 1065 1274 videlicet
1085 1246 1168 1272 sex
1189 1231 1371 1272 clericos
1394 1229 1678 1271 beneficiatos
1699 1238 1743 1268 et

90 1304 275 1345 totidem
296 1303 432 1344 laicos
457 1304 512 1343 de
534 1316 749 1343 consensu
771 1302 968 1356 parcium
990 1300 1285 1355 predictarum
1315 1299 1479 1340 electos
1507 1308 1549 1339 et
1571 1298 1743 1352 juratos

90 1372 263 1414 fecisset
289 1372 445 1426 inquiri
474 1386 526 1412 ac
554 1385 637 1426 pro
665 1380 830 1425 quanta
858 1369 1045 1425 pecunie
1075 1383 1247 1410 summa
1276 1378 1460 1423 possent
1491 1365 1744 1420 hujusmodi

89 1442 287 1482 defectus
317 1441 527 1495 reparari,
554 1440 794 1493 fuissetque
825 1453 960 1493 super
991 1438 1225 1479 taxacione
1255 1452 1333 1478 seu
1364 1435 1646 1478 estimacione
1678 1449 1744 1475 re-

90 1511 340 1565 paracionis
360 1511 610 1551 defectuum
632 1509 932 1563 predictorum
953 1508 1066 1548 inter
1085 1517 1236 1561 partes
1257 1506 1478 1561 predictas
1500 1504 1746 1558 aliqualiter

89 1580 357 1627 altercatum,
375 1579 552 1619 tandem
575 1588 721 1632 partes
742 1578 838 1631 ipse
860 1591 907 1617 se
928 1575 1032 1616 dicti
1049 1575 1184 1630 patris
1204 1589 1282 1616 seu
1304 1573 1501 1629 magistri
1521 1572 1745 1613 Edmundi

91 1649 146 1689 de
164 1648 351 1688 Berham
374 1646 660 1688 commissarii
683 1645 748 1686 sui
771 1644 991 1700 generalis
1014 1643 1313 1685 moderacioni
1334 1653 1377 1684 et
1393 1643 1571 1683 decreto
1589 1651 1746 1696 sponte

92 1718 387 1758 submiserunt
409 1716 452 1756 in
474 1715 712 1770 premissis,
733 1715 967 1767 dictusque
988 1722 1115 1767 pater
1134 1727 1195 1753 ex
1215 1711 1454 1753 abundanti
1477 1711 1603 1753 nobis
1624 1724 1743 1752 com·

92 1787 291 1828 missario
312 1800 391 1826 suo
414 1785 615 1840 predicto
636 1785 693 1824 ad
722 1783 1041 1824 moderandum
1071 1791 1113 1823 et
1142 1781 1466 1822 decernendum
1494 1794 1631 1834 super
1661 1779 1745 1820 hiis

91 1866 227 1910 prout
250 1855 375 1897 nobis
391 1854 560 1908 justum
581 1853 802 1895 videretur
822 1863 865 1893 et
893 1866 1058 1905 equum
1086 1851 1141 1891 de
1169 1864 1385 1892 consensu
1414 1849 1615 1904 parcium
1642 1863 1744 1903 pre-

94 1924 309 1966 dictarum
331 1922 578 1977 specialiter
598 1921 814 1962 commisit
836 1921 954 1962 vices
974 1934 1086 1961 suas.
1135 1919 1227 1961 Nos
1249 1918 1397 1972 itaque
1418 1916 1746 1959 commissarius

92 1993 315 2048 predictus
343 1991 668 2033 considerantes
689 1991 811 2044 quod
836 1989 977 2030 dictus
1000 1989 1206 2030 dominus
1232 1987 1456 2028 Gilbertus
1482 1987 1594 2027 infra
1622 1986 1743 2026 bien-

94 2063 226 2113 nium,
247 2075 338 2116 quo
359 2062 575 2102 duntaxat
604 2059 811 2100 extiterat
839 2069 985 2098 rector
1011 2056 1193 2098 ecclesie
1222 2066 1475 2105 memorate,
1498 2055 1540 2095 in
1567 2069 1744 2109 repara-

92 2132 293 2172 cionibus
343 2131 577 2170 domorum
627 2140 829 2183 ternpore
878 2126 1046 2168 domini
1097 2125 1275 2166 Ricardi
1323 2125 1494 2165 Durant
1549 2124 1746 2178 proximi

94 2198 415 2256 predecessoris
436 2198 502 2239 sui
522 2198 852 2239 combustarum
873 2205 916 2237 et
937 2195 1124 2236 aliorum
1145 2195 1395 2235 defectuum
1419 2193 1746 2233 imminencium

95 2270 208 2310 ultra
228 2267 463 2323 sexaginta
489 2267 622 2307 libras
651 2265 961 2320 sterlingorum
993 2264 1269 2319 expenderat
1299 2262 1509 2317 quodque
1539 2262 1675 2303 libros
1705 2272 1749 2302 et

94 2348 354 2380 ornamenta
392 2336 512 2377 varia
553 2336 595 2375 in
637 2334 788 2375 ultima
826 2334 1054 2376 voluntate
1092 2347 1171 2374 sua
1210 2331 1444 2386 reliquerat
1485 2330 1665 2371 ecclesie
1705 2339 1749 2373 et

94 2407 261 2462 capelle
295 2405 514 2460 predictis,
547 2419 633 2458 que
662 2404 718 2444 ad
748 2402 943 2444 valorem
975 2403 1171 2456 quinque
1202 2415 1449 2441 marcarum
1480 2410 1523 2440 et
1559 2399 1750 2453 amplius

95 2476 351 2517 estimantur
371 2484 506 2528 prout
527 2488 658 2527 super
679 2472 747 2512 his
769 2472 893 2513 nobis
921 2483 987 2512 est
1015 2470 1248 2511 summarie
1277 2470 1389 2510 facta
1417 2468 1538 2518 fides,
1560 2467 1748 2509 auctori-

96 2554 184 2585 tate
217 2541 518 2584 submissionis
558 2551 601 2581 et
641 2540 960 2583 commissionis
1001 2540 1125 2581 nobis
1167 2541 1379 2580 factarum
1422 2538 1465 2578 in
1503 2538 1583 2579 hac
1623 2548 1749 2592 parte

98 2613 377 2654 moderamur
417 2620 461 2651 et
501 2610 776 2650 decernimus
816 2610 936 2663 quod
978 2609 1135 2663 prefati
1181 2617 1442 2649 executores
1484 2606 1748 2647 satisfaciant

97 2682 278 2723 domino
306 2680 494 2729 Thome,
516 2678 674 2719 rectori
702 2679 916 2733 predicto,
938 2679 993 2719 de
1021 2678 1218 2732 quinque
1250 2675 1406 2717 marcis
1434 2675 1747 2729 sterlingorum

100 2765 183 2806 pro
200 2765 286 2792 una
307 2749 496 2805 grangia
512 2749 769 2790 secundaria
782 2749 797 2772 2
817 2747 1113 2789 construenda
1128 2760 1178 2787 ac
1195 2745 1481 2799 reparacione
1498 2744 1747 2784 defectuum

100 2819 284 2861 aliorum
308 2819 351 2858 in
373 2817 567 2858 cancello
588 2828 632 2857 et
660 2816 840 2857 edificiis
871 2815 1069 2866 rectorie,
1092 2815 1301 2869 quodque
1330 2813 1523 2853 minutos
1552 2812 1749 2853 defectus

100 2890 141 2930 in
173 2888 442 2931 vestimentis
474 2897 517 2927 et
552 2887 708 2927 ceteris
741 2884 1011 2926 ornamentis
1045 2883 1193 2924 sericis
1233 2894 1276 2923 et
1313 2881 1439 2922 lineis
1473 2881 1750 2922 imminentes

99 2973 238 3012 usque
267 2958 323 2997 ad
353 2970 567 2996 summam
600 2964 769 3008 septem
803 2953 1045 2995 solidorum
1083 2952 1242 2993 faciant
1278 2950 1486 3004 reparari,
1519 2949 1751 3003 dictusque

97 3037 242 3067 rector
269 3036 312 3066 et
334 3024 491 3079 prefati
512 3034 773 3064 executores
795 3022 928 3064 nichil
958 3022 1072 3063 ultra
1101 3031 1292 3062 nostram
1322 3018 1674 3059 moderacionem
1703 3028 1747 3059 et

276 3155 286 3174 ¹
313 3155 399 3186 Over
414 3159 421 3171 ⁶
434 3153 554 3185 frater’
571 3153 690 3184 erased.
1236 3149 1248 3169 2
1273 3148 1348 3180 MS.
1368 3148 1559 3179 secundar’.

1568 3213 1591 3234 u
1607 3214 1627 3234 u
1647 3214 1666 3233 2
