1925 3451
135 224 212 272 716
677 219 966 281 Regz‘strum
1003 220 1252 265 Hamom's
1519 219 1636 283 [A.D.
1662 236 1782 280 1343

133 361 181 391 ut
203 365 283 404 per
302 364 466 391 annum
489 362 589 405 post
612 353 759 391 datam
788 351 873 405 viij.
898 351 1119 393 Kalendas
1141 352 1351 393 Octobris
1379 352 1620 407 predictam
1649 353 1788 407 possit

132 420 253 472 apud
282 419 489 460 Cantebr'
518 420 664 460 studio
695 419 893 460 insistere
921 420 1160 460 literarum.
1204 421 1261 461 Et
1281 421 1474 475 injunxit
1496 433 1598 462 tunc
1624 421 1787 462 ibidem

133 487 277 528 eidem
312 487 536 528 Willelmo
579 488 738 528 rectori
780 488 981 542 predicto
1016 498 1060 528 et
1093 489 1239 542 ipsum
1276 490 1446 530 monuit
1481 490 1603 544 quod
1634 504 1788 531 omnes

133 556 330 596 defectus
351 567 551 610 repertos
574 566 676 597 tunc
698 557 741 596 in
765 556 947 597 ecclesia
974 557 1171 610 predicta
1191 568 1234 598 et
1256 558 1441 599 rectoria
1462 558 1659 611 ejusdem
1680 558 1788 600 citra

134 626 289 665 festum
321 624 560 665 nativitatis
587 624 724 665 sancti
750 624 964 679 Johannis
996 625 1192 679 Baptiste
1222 626 1434 681 proximo
1462 637 1564 667 tunc
1591 628 1787 667 futurum

133 693 400 734 sufficienter
430 703 474 733 et
505 707 704 747 congrue
735 702 961 746 repararet
992 694 1074 733 sub
1106 708 1221 747 pena
1251 705 1425 735 centum
1457 695 1712 745 solidorum,
1743 696 1786 735 in

132 762 293 815 quibus
315 761 429 801 idern
452 761 689 815 episcopus
710 776 886 802 exnunc
909 772 956 802 ut
978 772 1142 803 extunc
1164 763 1310 817 ipsum
1344 774 1560 804 rectorem
1589 764 1788 806 multavit

132 829 167 871 si
189 830 298 870 citra
326 830 484 870 festum
517 831 766 884 predictum
796 830 1020 884 predictos
1051 831 1247 872 defectus
1278 846 1366 872 non
1396 843 1618 886 repararet
1646 842 1695 873 ut
1724 843 1789 874 est

132 898 311 939 dictum.
364 899 644 939 Presentibus
676 899 718 939 in
750 898 976 953 premissis
1005 899 1196 940 dominis
1226 901 1401 942 Thoma
1431 901 1487 941 de
1517 900 1715 943 Alkham
1746 912 1790 942 et

133 967 307 1008 Thoma
329 968 385 1008 de
408 968 554 1019 Heth’‚
571 969 627 1008 de
644 967 850 1009 Suthflet'
866 978 909 1008 et
934 968 1203 1009 Rotherfeld'
1224 969 1507 1010 ecclesiarum
1530 971 1789 1021 rectoribus,

131 1046 174 1076 et
191 1036 392 1091 Johanne
412 1037 468 1077 de
490 1037 687 1087 Mounte,
700 1037 873 1079 clerico.

788 1261 1124 1317 Lulgyngslon'.

133 1330 209 1360 Oct.
227 1340 253 1360 1.

226 1384 361 1429 [Leave
379 1384 421 1417 of
434 1385 591 1418 absence
611 1384 669 1418 for
693 1385 774 1418 four
793 1396 896 1429 years
915 1385 971 1418 for
991 1385 1107 1418 Adam
1132 1385 1176 1419 de
1196 1385 1410 1428 Branketre,
1429 1390 1553 1420 rector
1577 1386 1618 1419 of
1633 1386 1788 1429 Lulling-

131 1443 264 1487 stone]

249 1512 463 1553 Kalendis
485 1512 693 1553 Octobris
714 1526 830 1553 anno
852 1512 1019 1553 domini
1040 1512 1299 1566 supradicto
1322 1513 1528 1553 dominus
1550 1512 1789 1555 licenciavit

131 1581 359 1622 dominum
390 1581 538 1621 Adam
558 1582 612 1622 de
636 1582 895 1631 Branketre,
924 1592 1137 1622 rectorem
1167 1581 1348 1622 ecclesie
1377 1582 1432 1622 de
1462 1581 1789 1636 Lullyngston'‚

132 1661 179 1691 ut
208 1651 345 1703 possit
368 1665 415 1691 se
436 1652 665 1691 absentare
694 1665 776 1705 per
804 1650 1143 1704 quadriennium
1170 1651 1225 1691 ab
1247 1649 1432 1691 ecclesia
1460 1665 1551 1692 sua.
1606 1651 1789 1693 Proviso

132 1721 255 1773 quod
277 1719 450 1760 interim
473 1720 746 1761 deserviatur
768 1719 948 1760 ecclesie
966 1718 1243 1760 laudabiliter
1264 1719 1307 1758 in
1328 1719 1487 1761 divinis
1507 1730 1552 1760 et
1576 1734 1787 1774 procura-

132 1800 272 1829 torem
295 1789 580 1829 sufficientem
603 1789 795 1829 dimittat
816 1788 859 1828 in
883 1789 1049 1829 eadem.

449 2006 492 2045 T
488 2007 772 2047 estsmom'ale
791 2011 935 2058 super
954 2007 1478 2061 ordinibus—Heryng.

133 2074 207 2104 Oct.
230 2085 259 2112 4.

229 2129 458 2173 [Certilicate
489 2129 566 2162 that
602 2130 757 2162 Richard
792 2130 943 2172 Heryng
970 2130 1012 2163 of
1036 2130 1195 2173 Cuxton,
1228 2131 1384 2172 charged
1414 2131 1499 2163 with
1532 2131 1662 2174 having
1693 2132 1786 2165 been

133 2188 305 2220 ordained
325 2189 437 2231 priest
457 2188 611 2221 without
631 2188 760 2230 having
778 2189 980 2232 previously
1000 2190 1091 2222 been
1111 2189 1285 2222 ordained
1304 2190 1455 2232 demon,
1476 2190 1537 2222 lias
1555 2190 1660 2231 given
1680 2190 1791 2233 pi-oof

132 2245 174 2279 of
196 2246 249 2279 his
275 2246 481 2279 ordination
508 2258 544 2279 as
570 2246 776 2280 subdeacon
803 2247 849 2290 by
870 2247 1025 2288 NValter,
1045 2248 1115 2280 late
1142 2247 1369 2290 Archbishop
1394 2248 1434 2280 of
1455 2248 1696 2292 Canterbury,
1715 2249 1786 2281 and

132 2305 269 2337 <leacon
289 2305 358 2337 and
377 2304 488 2348 priest
507 2304 553 2347 by
574 2304 708 2348 Bishop
730 2306 861 2346 Hamo,
881 2305 967 2338 with
986 2305 1048 2338 the
1067 2306 1240 2349 requisite
1259 2305 1438 2339 intervals.
1490 2306 1550 2339 He
1570 2306 1631 2340 has
1651 2307 1721 2340 lost
1735 2307 1788 2340 his

134 2363 259 2395 letters
277 2363 317 2395 of
332 2363 458 2395 orders
478 2362 512 2395 in
532 2374 551 2395 a
571 2362 633 2395 sire
652 2367 687 2395 at
707 2363 759 2395 his
778 2362 918 2407 house]

251 2431 478 2473 Universis
508 2441 656 2485 pateat
687 2446 768 2485 per
797 2442 1023 2485 presentes
1053 2432 1172 2486 quod
1203 2447 1301 2472 cum
1331 2433 1536 2473 dominus
1571 2434 1789 2476 Ricardus

136 2500 337 2554 Heryng'
359 2501 413 2541 de
435 2500 704 2551 Coklestan⁷‚
728 2511 877 2541 nostre
908 2501 1128 2541 Rofsensis
1153 2501 1337 2542 diocesis
1368 2503 1615 2556 presbyter,
1638 2502 1788 2543 fuisset

133 2583 281 2610 coram
304 2569 430 2610 nobis
451 2571 586 2610 fratre
610 2570 829 2619 Hamone,
853 2570 1141 2623 permissione
1163 2570 1311 2611 divina
1339 2571 1537 2611 Roffensi
1561 2571 1786 2625 episcopo,

133 2653 191 2678 ex
214 2638 359 2678 officio
383 2648 533 2678 nostro
549 2638 818 2691 judicialiter
845 2638 1070 2691 impetitus
1090 2639 1210 2692 quod
1232 2639 1288 2678 ad
1310 2639 1565 2680 diaconatus
1585 2640 1787 2680 ordinem

136 2720 223 2747 non
248 2709 387 2747 suerat
408 2707 616 2748 canonice
637 2707 878 2756 ordinatus,
896 2716 960 2747 set
974 2707 1136 2748 omisso
1162 2708 1364 2761 predicto
1387 2708 1542 2749 ordine
1558 2723 1604 2748 se
1623 2709 1784 2749 fecerat

135 2790 214 2828 per
244 2775 403 2816 saltum
434 2776 477 2816 in
511 2777 818 2830 presbyterum
853 2776 1133 2829 promoveri;
1182 2776 1297 2817 idem
1330 2777 1536 2817 dominus
1574 2777 1787 2817 Ricardus

134 2844 264 2884 certis
281 2845 351 2885 die
368 2855 410 2884 et
427 2844 526 2885 loco
540 2844 621 2885 sibi
644 2844 877 2899 assignatis
899 2859 1046 2885 coram
1064 2845 1189 2886 nobis
1211 2845 1501 2899 personaliter
1521 2859 1786 2900 comparens

134 2912 338 2966 allegavit
360 2928 405 2954 se
426 2914 482 2954 ad
513 2914 757 2967 predictum
785 2913 1038 2954 diaconatus
1060 2924 1103 2954 et
1125 2914 1234 2954 alios
1256 2928 1410 2954 omnes
1437 2928 1584 2955 sacros
1610 2914 1785 2954 ordines

136 2982 296 3022 debitis
324 2992 574 3035 temporum
602 2981 851 3022 intersticiis
880 2982 960 3022 rite
988 2992 1030 3022 et
1053 2982 1262 3023 canonice
1291 2982 1424 3023 fuisse
1451 2992 1720 3037 promotum,
1743 2992 1786 3023 et

134 3064 266 3103 super
312 3052 518 3091 ordinum
567 3050 817 3103 hujusmodi
872 3051 1202 3104 suscepcionem
1252 3065 1433 3092 suorum
1485 3051 1786 3092 ordinatorum

134 3118 280 3158 literas
320 3120 585 3160 sufficientes
628 3119 843 3170 habuisse,
885 3130 949 3160 set
990 3133 1063 3159 eas
1104 3134 1185 3173 per
1225 3120 1506 3173 repentinum
1547 3120 1785 3160 domorum

134 3200 310 3227 suarum
343 3188 590 3228 incendium
623 3188 830 3229 amisisse.
887 3188 944 3228 Et
971 3188 1076 3241 quia
1107 3189 1301 3242 prefatus
1333 3189 1538 3229 dominus
1570 3188 1785 3229 Ricardus
