1925 3451
61 200 156 231 A.D.
188 200 202 229 1
217 181 330 245 341]
638 180 872 243 Episcopi
903 178 1143 240 Rcfflnsz's
1639 181 1720 230 673

60 329 182 356 suam
204 313 447 368 predictam
476 314 583 354 citra
611 312 802 353 duorum
831 311 1046 352 mensium
1075 310 1273 365 spacium
1300 324 1325 350 a
1352 308 1424 349 die
1453 308 1717 349 monicionis

59 382 313 438 hujusmodi
344 382 425 422 sibi
456 382 652 423 faciende
688 381 896 421 continue
933 379 1264 428 numerandum,
1296 379 1449 418 redeat
1480 387 1522 418 et
1554 387 1717 418 extunc

59 451 347 505 corporaliter
374 461 417 491 et
446 450 656 491 continue
687 450 877 490 resideat
906 448 950 489 in
979 448 1132 489 eadem
1160 457 1202 488 et
1228 447 1313 501 ipsi
1335 446 1516 487 ecclesie
1543 460 1625 500 per
1652 459 1715 485 se-

59 521 202 575 ipsum
226 520 269 560 in
291 519 447 560 ordine
463 533 594 574 quem
617 519 731 559 dicte
747 517 928 559 ecclesie
942 531 1049 558 cura
1065 516 1249 570 requirit
1265 515 1496 564 deserviat,
1512 524 1645 569 prout
1661 514 1717 554 de

51 589 154 643 jure
176 599 360 629 tenetur.
414 589 482 628 De
504 587 659 628 diebus
674 601 782 629 vero
804 585 1075 641 recepcionis
1091 584 1369 639 presencium
1388 598 1438 625 ac
1455 583 1717 625 monicionis

59 657 312 712 hujusmodi
338 658 462 708 facte,
493 670 662 697 necnon
690 656 825 696 modo
853 666 896 696 et
926 656 1067 695 forma
1098 653 1296 707 ejusdem
1326 662 1370 693 et
1398 652 1507 706 quid
1534 651 1718 692 ulterius

58 726 249 767 feceritis
274 727 318 766 in
344 725 570 779 premissis
597 724 668 765 vel
699 724 926 778 sepedicto
959 723 1161 778 negocio,
1186 722 1453 776 quamcicius
1483 720 1716 763 commode

58 794 260 849 poteritis
281 794 520 835 certificare
540 793 681 835 velitis
702 807 783 847 per
802 792 950 832 literas
970 802 1136 833 vestras
1158 801 1360 846 patentes
1381 791 1536 831 harum
1557 788 1716 830 seriem

59 863 346 913 continentes,
369 862 517 918 sigillo
546 862 679 903 vestri
708 861 839 902 officii
868 860 1162 915 consignatas.
1224 861 1337 900 Date
1364 859 1485 913 apud
1513 859 1714 900 Trottes-

59 932 201 986 clyve‚
226 932 266 987 ij.
294 931 521 973 Kalendas
545 930 763 980 Octobris,
786 943 901 970 anno
921 929 1089 970 domini
1112 937 1188 970 m0.
1211 934 1349 969 0001110.
1372 926 1714 982 quadragesimo

58 1002 214 1056 primo.

59 1126 135 1167 [FO.
159 1125 247 1166 196]
803 1166 958 1207 ACTA.

548 1260 645 1299 Pro
666 1259 887 1299 violencia
910 1259 961 1299 2'72
982 1258 1215 1298 clerz'cmn.

152 1352 251 1397 [The
282 1351 450 1385 brothers
482 1351 645 1384 Thomas
675 1350 746 1383 and
781 1349 938 1383 Richard
969 1349 1105 1392 Broun,
1132 1348 1291 1392 charged
1318 1348 1402 1381 with
1431 1349 1550 1391 laying
1575 1348 1711 1382 violent

55 1411 170 1444 hands
187 1422 234 1444 on
254 1411 385 1454 Henry
403 1411 448 1443 de
474 1410 616 1453 Holeye
641 1409 703 1442 the
729 1419 901 1452 younger,
925 1408 1007 1447 clk.,
1031 1407 1155 1450 failing
1181 1412 1220 1440 to
1246 1418 1379 1450 appear
1405 1412 1441 1440 at
1468 1407 1711 1441 Trottiscliffe

56 1480 103 1503 on
121 1470 203 1514 July
226 1482 255 1512 3,
275 1480 336 1502 are
360 1468 599 1512 pronounced
623 1467 909 1500 contumacious.
960 1470 1017 1498 On
1041 1466 1125 1509 July
1147 1469 1188 1499 26
1208 1466 1293 1508 they
1312 1465 1492 1509 appeared
1511 1465 1597 1498 with
1618 1465 1712 1498 their

55 1527 207 1561 brother
223 1527 320 1571 John
338 1527 408 1560 and
423 1526 507 1559 with
523 1526 685 1559 William
707 1525 916 1559 Rodeburn.
963 1524 1126 1558 Thomas
1145 1523 1335 1557 confessed
1354 1524 1424 1556 and
1442 1524 1650 1557 undertook
1670 1528 1710 1557 to

55 1596 124 1630 pay
144 1586 273 1629 Henry
294 1598 365 1626 405.
389 1585 513 1618 within
533 1595 553 1617 a
571 1584 672 1617 week
692 1583 732 1616 of
752 1583 999 1625 Michaelmas,
1018 1583 1089 1616 and
1106 1588 1144 1616 to
1162 1594 1207 1624 go
1225 1587 1266 1616 to
1283 1582 1345 1615 the
1367 1582 1508 1615 Roman
1527 1586 1633 1615 court
1653 1581 1712 1615 for

55 1644 259 1677 absolution
286 1655 324 1677 as
349 1654 439 1677 soon
464 1654 501 1676 as
528 1643 555 1676 it
580 1642 708 1675 should
733 1641 777 1675 be
801 1641 875 1675 safe
893 1645 932 1674 to
950 1642 997 1674 do
1016 1652 1067 1676 so.
1117 1640 1200 1673 The
1226 1640 1351 1674 others
1376 1639 1565 1673 confessed
1591 1640 1711 1682 aiding

55 1703 125 1736 and
144 1702 307 1744 abetting
324 1702 394 1736 and
412 1701 619 1735 undertook
637 1705 677 1734 to
695 1700 741 1734 be
760 1699 800 1733 of
816 1700 910 1742 good
929 1700 1126 1734 behaviour
1144 1699 1212 1732 and
1232 1699 1393 1743 perform
1411 1699 1473 1732 the
1492 1709 1652 1742 penance
1672 1703 1711 1732 to

54 1761 100 1794 be
119 1760 317 1804 enjoined]

53 1853 119 1893 Jul.
137 1862 168 1890 3.

174 1918 515 1958 Memorandum
551 1919 673 1971 quod
705 1917 872 1960 vocatis
909 1930 1057 1957 coram
1088 1914 1328 1957 venerabili
1363 1925 1489 1969 patre
1525 1915 1708 1957 domino

56 1987 262 2027 Hamone
296 1987 365 2027 dei
403 1987 552 2042 gracia
590 1987 786 2028 Roffensi
831 1985 1045 2040 episcopo
1086 1984 1280 2039 ipsiusve
1322 1983 1623 2025 commissario
1664 1984 1709 2025 in

54 2054 237 2095 ecclesia
262 2055 504 2109 parochiali
531 2055 586 2095 de
608 2056 752 2096 Trott'
775 2056 831 2096 ad
859 2055 976 2095 diem
1000 2052 1208 2094 Mercurii
1236 2053 1493 2106 proximum
1521 2062 1623 2106 post
1651 2053 1709 2093 fe-

54 2134 170 2164 stum
201 2123 507 2178 apostolorum
542 2124 658 2164 Petri
699 2134 743 2165 et
778 2124 915 2174 Pauli,
953 2137 1068 2164 anno
1104 2122 1271 2163 domini
1307 2121 1539 2162 millesimo
1572 2128 1708 2164 ccc¹¹¹⁰.

56 2193 398 2248 quadragesimo
420 2193 579 2247 primo,
601 2193 780 2234 Thoma
803 2194 951 2234 Broun
972 2202 1016 2232 et
1040 2191 1233 2232 Ricardo
1261 2191 1411 2232 Broun
1435 2191 1566 2230 fratre
1595 2190 1709 2244 ejus-

56 2262 156 2302 dem
178 2262 365 2313 Thome‚
387 2263 652 2316 sedenteque
672 2276 756 2316 pro
778 2261 984 2302 tribunali
1005 2261 1187 2302 domino
1210 2260 1385 2300 Thoma
1413 2260 1468 2299 de
1491 2259 1706 2310 Alkham‚

55 2330 316 2372 venerabilis
337 2331 478 2384 patris
499 2331 665 2371 domini
689 2331 918 2381 Hamonis,
934 2330 1005 2370 dei
1026 2328 1176 2384 gracia
1193 2328 1414 2369 Roffensis
1436 2327 1645 2382 episcopi,
1664 2327 1708 2368 in

54 2399 137 2440 hac
167 2409 293 2453 parte
324 2399 624 2440 commissario
654 2399 864 2454 speciali,¹
894 2399 1096 2452 lectoque
1128 2397 1436 2439 certificatorio
1467 2396 1620 2437 decani
1652 2397 1708 2437 de

54 2468 271 2522 Mallyng‘
293 2482 374 2522 per
395 2469 515 2521 quod
538 2470 763 2509 constabat
780 2469 921 2510 dictos
937 2468 1159 2509 Thomam
1176 2478 1219 2508 et
1236 2467 1474 2507 Ricardum
1492 2467 1548 2506 ad
1565 2467 1707 2507 dictos

55 2536 173 2576 diem
197 2548 240 2577 et
261 2536 408 2578 locum
432 2537 564 2578 fuisse
584 2549 764 2578 vocatos
783 2552 919 2591 super
939 2537 1133 2578 violenta
1160 2551 1370 2576 manuum
1396 2535 1636 2588 injeccione
1662 2535 1705 2574 in

55 2605 297 2646 Henricum
312 2607 367 2646 de
383 2605 555 2660 Holeye
567 2605 802 2659 juniorem,
817 2606 1036 2655 clericum,
1054 2605 1251 2660 ipsisque
1267 2604 1442 2645 Thoma
1458 2615 1499 2644 et
1516 2604 1706 2644 Ricardo

56 2674 344 2727 preconisatis
380 2684 423 2714 et
459 2674 629 2715 diucius
662 2675 908 2729 expectatis
940 2685 982 2715 et
1014 2675 1133 2715 nullo
1166 2674 1299 2714 modo
1334 2673 1705 2726 comparentibus,

54 2742 277 2795 predictus
309 2743 632 2784 commissarius
662 2743 782 2798 ipsos
810 2744 1029 2785 Thomam
1058 2754 1101 2784 et
1130 2743 1367 2783 Ricardum
1397 2741 1706 2795 pronunciavit

54 2821 334 2852 contumaces
361 2821 403 2852 et
432 2825 591 2865 penam
615 2826 698 2866 pro
724 2812 1007 2853 contumaciis
1029 2811 1117 2852 suis
1138 2811 1390 2866 hujusmodi
1411 2810 1590 2850 domino
1612 2810 1705 2863 epi-

52 2893 190 2933 scopo
210 2880 410 2933 predicto
432 2880 682 2931 reservavit,
705 2881 984 2922 decernendo
1004 2891 1093 2921 tam
1115 2894 1193 2921 eos
1212 2894 1344 2934 quam
1367 2878 1476 2919 alios
1503 2878 1702 2932 ipsorum

53 2947 289 3001 complices
319 2958 361 2988 et
393 2949 586 2990 fautores
613 2962 702 2990 non
733 2960 909 2991 vocatos
938 2950 1094 2990 iterato
1126 2950 1219 2989 sore
1248 2947 1472 2990 vocandos
1499 2948 1554 2987 ad
1582 2947 1699 2987 idem

51 3017 172 3069 quod
192 3016 325 3070 prius.

633 3154 643 3172 ¹
669 3154 936 3193 Corrccledsrom
953 3154 1118 3193 generali.

117 3220 278 3238 ROCHESTER
1553 3223 1574 3243 X
1591 3224 1613 3243 x
