1925 3451
86 195 181 225 Aa).
210 177 352 241 1342]
664 178 895 240 Episcopi
926 178 1164 239 Rcffinsz's
1657 184 1736 232 697

89 310 323 351 nativitatis
343 310 482 351 sancti
499 310 711 366 Johannis
730 311 927 365 Baptiste
944 310 1153 365 proximo
1175 320 1386 364 sequente
1404 325 1411 361 ;
1445 324 1524 351 nos
1540 310 1738 352 volentes

85 380 141 420 de
171 379 286 420 dicta
316 379 486 420 decima
517 379 788 433 responderi,
819 379 945 421 vobis
976 380 1235 420 mandamus
1267 379 1388 433 quod
1417 379 1590 433 aliquos
1619 380 1738 421 viros

84 448 334 501 fidedignos
355 447 410 488 de
433 447 591 501 quibus
614 447 831 488 confiditis
856 448 911 488 ad
937 447 1144 488 denarios
1171 448 1227 488 de
1255 448 1409 488 eadem
1441 447 1609 488 decima
1631 462 1736 502 pro-

83 516 308 558 venientes
328 516 372 556 in
395 517 558 557 diocesi
579 526 722 558 vestra
744 517 801 556 ad
823 530 936 570 opus
954 527 1155 557 nostrum
1173 516 1381 557 levandos
1402 526 1445 556 et
1465 516 1738 571 colligendos

85 593 129 623 et
159 584 216 623 ad
242 583 563 636 acquietancias
594 584 649 623 de
681 582 871 624 denariis
902 597 982 636 per
1013 582 1133 636 ipsos
1165 582 1474 637 percipiendis,
1506 583 1606 624 licet
1638 594 1738 625 ante

84 651 294 692 terminos
316 660 505 692 statutos
527 651 691 705 recepti
712 651 884 700 fuerint,
906 651 1137 700 faciendas,
1159 652 1329 704 absque
1357 651 1571 693 dilacione
1592 652 1738 706 aliqua

83 719 323 775 assignetis.
386 721 452 760 Ita
481 720 602 773 quod
628 720 814 773 predicti
843 719 1051 773 assignati
1080 719 1221 760 dictos
1248 719 1454 761 denarios
1484 721 1538 760 de
1570 720 1738 761 decima

83 789 282 843 predicta
302 788 613 843 provenientes
633 789 688 829 ad
712 790 922 831 terminos
944 790 1179 844 predictos,
1207 789 1276 831 vel
1301 790 1357 830 ad
1385 790 1495 831 alios
1515 790 1738 831 breviores

83 855 295 896 terminos
315 855 350 895 si
373 855 513 895 clerus
534 854 648 895 dicte
669 865 812 896 vestre
834 855 1019 896 diocesis
1036 856 1246 896 terminos
1267 855 1365 897 illos
1380 855 1510 909 juxta
1531 866 1737 910 rogatum

83 933 281 965 nostrum
317 924 442 965 vobis
480 924 581 964 inde
614 924 776 964 factum
810 924 1053 978 anticipare
1085 924 1363 974 concesserit,
1396 924 1522 965 nobis
1552 924 1735 966 solvant.

84 992 140 1033 Et
161 993 217 1033 de
239 992 490 1033 nominibus
512 992 687 1033 illorum
710 1007 824 1046 quos
846 994 901 1033 ad
923 993 1084 1033 dictam
1106 993 1323 1034 decimam
1346 993 1388 1032 in
1406 993 1571 1034 diocesi
1593 1003 1737 1034 vestra

82 1061 279 1115 predicta
307 1061 367 1102 sic
392 1061 689 1116 colligendam
718 1072 761 1102 et
789 1061 1018 1102 levandam
1047 1062 1265 1102 duxeritis
1294 1062 1588 1115 deputandos,
1611 1072 1655 1102 et
1681 1063 1737 1103 de

82 1130 400 1184 anticipacione
422 1130 710 1171 terminorum
733 1130 1047 1185 predictorum,
1066 1131 1101 1171 si
1119 1146 1326 1172 concessa
1348 1132 1491 1182 fuerit,
1512 1132 1736 1172 thesaura-

83 1199 197 1239 rium
219 1209 261 1240 et
282 1200 469 1240 barones
492 1210 665 1240 nostros
687 1200 741 1240 de
768 1200 987 1241 scaccario
1014 1201 1096 1241 sub
1125 1200 1272 1255 sigillo
1297 1211 1447 1242 vestro
1468 1216 1566 1242 cum
1589 1201 1736 1242 celeri-

81 1279 170 1310 tate
192 1283 280 1322 qua
302 1268 501 1322 poteritis
523 1268 717 1308 reddatis
739 1269 967 1319 cercioreS,
990 1270 1248 1309 mandantes
1271 1269 1453 1310 ulterius
1473 1270 1535 1310 sic
1555 1270 1737 1324 prefatis

80 1337 315 1391 assignatis
337 1338 460 1390 quod
482 1351 563 1377 nos
588 1338 642 1377 de
671 1337 922 1378 nominibus
949 1337 1124 1379 illorum
1146 1338 1222 1391 qui
1245 1348 1346 1378 ante
1368 1338 1580 1379 terminos
1601 1349 1734 1379 statu-

82 1417 149 1447 tos
185 1406 400 1447 decimam
437 1406 684 1460 predictam
720 1407 781 1447 sic
814 1406 1024 1448 solverint
1055 1407 1308 1456 certificent,
1340 1417 1383 1447 et
1417 1407 1541 1448 nobis
1571 1407 1735 1448 dictam

82 1475 297 1515 decimam
314 1475 374 1516 sic
389 1486 611 1529 receptam
626 1475 799 1516 mittant
817 1475 1006 1516 indilate.
1056 1476 1112 1516 Et
1130 1477 1226 1525 hoc,
1242 1475 1352 1516 sicut
1367 1490 1446 1517 nos
1464 1486 1506 1517 et
1520 1476 1735 1517 honorem

83 1555 282 1585 nostrum
304 1555 347 1585 et
369 1544 707 1597 expedicionem
732 1554 923 1585 nostram
945 1544 1137 1599 diligitis,
1160 1545 1302 1585 modis
1331 1544 1537 1585 omnibus
1558 1545 1734 1587 faciatis.

79 1613 214 1653 Teste
256 1613 477 1655 Edwardo
519 1614 629 1653 duce
673 1613 898 1654 Cornubie
939 1624 980 1654 et
1020 1613 1180 1654 comite
1223 1612 1406 1663 Cestrie,
1447 1613 1539 1654 filio
1582 1624 1734 1655 nostro

79 1681 315 1730 carissimo,
336 1682 518 1722 custode
541 1682 720 1736 Anglie,
743 1682 863 1737 apud
886 1682 1217 1737 Kennyngton',
1244 1697 1356 1722 xxx.
1379 1682 1450 1723 die
1473 1683 1736 1723 Novembris

79 1765 196 1791 anno
226 1751 352 1806 regni
384 1751 518 1792 nostri
551 1751 718 1806 Anglie
744 1751 1060 1802 sextodecimo,
1090 1751 1215 1806 regni
1243 1766 1348 1793 vero
1381 1751 1518 1793 nostri
1552 1752 1736 1793 Francie

78 1830 223 1862 terelo.

80 1912 162 1942 Dec.
186 1922 235 1942 12.

196 1977 343 2031 Hujus
364 1977 498 2032 igitur
514 1978 774 2018 auctoritate
795 1977 941 2018 brevis
966 1977 1075 2031 regii
1097 1992 1189 2028 vos,
1219 1978 1274 2018 de
1303 1992 1496 2031 quorum
1528 1977 1735 2020 fidelitate

79 2057 122 2087 et
153 2046 368 2087 industria
396 2047 725 2100 circumspectis
757 2046 932 2100 plenam
961 2046 1166 2087 fiduciam
1189 2046 1400 2100 gerimus,
1422 2047 1478 2086 ad
1499 2045 1734 2088 levandum

78 2125 121 2156 et
142 2115 442 2169 colligendum
464 2116 519 2156 ad
541 2130 656 2169 opus
677 2115 845 2156 domini
869 2116 1006 2156 nostri
1028 2115 1147 2170 regis
1169 2115 1371 2170 predicti,
1395 2126 1483 2156 tam
1506 2117 1549 2156 in
1573 2116 1734 2157 nostris

79 2185 253 2226 civitate
276 2195 318 2225 et
339 2185 502 2226 diocesi
526 2186 808 2226 Roffensibus
830 2200 964 2239 quam
987 2185 1029 2225 in
1053 2186 1271 2226 decanatu
1293 2187 1348 2227 de
1375 2186 1561 2226 Iselham
1585 2197 1734 2226 nostre

72 2254 396 2308 jurisdiccionis
414 2255 676 2304 immediate,
699 2269 852 2295 omnes
880 2254 1084 2295 denarios
1111 2256 1166 2295 de
1198 2255 1313 2295 dicta
1345 2255 1514 2295 decima
1542 2255 1584 2295 in
1616 2255 1734 2296 dicto

306 2323 428 2364 brevi
457 2334 662 2364 contenta
687 2323 996 2377 provenientes
1025 2324 1080 2364 ad
1109 2324 1321 2364 terminos
1349 2324 1573 2376 predictos
1598 2334 1733 2363 statu·

79 2400 290 2441 [Fo.201b.]
307 2402 389 2442 tos,
430 2392 500 2433 vel
540 2393 594 2432 ad
631 2392 739 2433 alios
784 2392 1008 2433 breviores
1049 2392 1053 2446 Ι
1094 2392 1305 2433 terminos
1340 2392 1375 2432 si
1411 2391 1553 2432 clerus
1588 2402 1733 2433 nostre

309 2461 494 2502 diocesis
515 2461 725 2501 terminos
755 2461 852 2502 illos
873 2460 1004 2515 juxta
1029 2472 1236 2515 rogatum
1257 2461 1425 2501 domini
1448 2461 1584 2501 nostri
1614 2461 1734 2515 regis

79 2529 205 2570 nobis
228 2530 390 2570 factum
413 2529 652 2583 anticipare
669 2530 945 2581 concesserit,
969 2540 1013 2570 et
1035 2531 1089 2570 ad
1110 2530 1432 2583 acquietancias
1461 2530 1515 2569 de
1543 2530 1732 2570 denariis

76 2613 158 2652 per
179 2613 258 2640 vos
280 2598 544 2652 recipiendis
564 2609 607 2639 et
635 2599 692 2639 ad
719 2613 834 2653 opus
858 2599 1024 2639 domini
1054 2599 1189 2639 nostri
1220 2599 1337 2652 regis
1366 2598 1599 2648 solvendis,
1629 2597 1731 2638 licet

76 2679 176 2708 ante
199 2667 410 2708 terminos
430 2678 616 2708 statutos
638 2668 803 2721 recepti
826 2667 998 2716 fuerint,
1023 2667 1243 2716 faciendis,
1266 2667 1554 2721 assignamus,
1582 2677 1623 2707 et
1652 2680 1732 2707 vos

76 2735 275 2789 ejusdem
306 2736 474 2776 decime
505 2736 761 2776 collectores
791 2746 946 2777 tenore
982 2736 1260 2790 presencium
1297 2736 1573 2789 deputamus,
1605 2735 1732 2776 vobis

77 2805 261 2846 firmiter
282 2803 560 2858 injungentes
580 2804 787 2857 quatinus
807 2805 971 2845 dictum
993 2806 1127 2846 breve
1150 2805 1334 2858 regium,
1351 2814 1565 2857 quatenus
1581 2804 1636 2844 ad
1651 2817 1731 2844 vos

77 2873 246 2924 attinet,
290 2873 333 2912 in
376 2874 497 2914 omni
541 2873 609 2912 sui
649 2883 773 2927 parte
813 2873 1073 2927 diligencius
1113 2883 1398 2926 exequentes,
1443 2886 1730 2926 quascunque

78 2956 291 2995 personas
322 2941 635 2982 ecclesiasticas
670 2952 818 2982 nostre
853 2941 1154 2995 jurisdiccioni
1190 2940 1406 2993 subjectas
1442 2941 1656 2981 moneatis
1687 2952 1730 2981 et

77 3010 309 3051 efficaciter
330 3010 559 3059 inducatis,
580 3010 748 3051 moneri
771 3020 814 3050 et
842 3010 990 3050 induci
1017 3021 1064 3050 ut
1096 3009 1300 3050 convenit
1332 3008 1509 3059 faciatis,
1532 3020 1580 3049 ut
1612 3009 1728 3049 deci-

77 3093 193 3119 mam
217 3078 469 3132 hujusmodi
491 3079 545 3118 de
574 3078 701 3118 bonis
729 3088 772 3119 et
800 3078 1023 3118 beneficiis
1050 3078 1139 3119 suis
1171 3077 1486 3126 ecclesiasticis,
1510 3087 1646 3130 prout
1672 3079 1729 3117 ad

76 3161 229 3188 eorum
263 3147 461 3202 singulos
497 3147 662 3196 attinet,
697 3146 894 3187 terminis
925 3146 1007 3187 sibi
1039 3160 1119 3200 per
1151 3159 1230 3187 nos
1263 3146 1453 3199 proinde
1487 3147 1729 3187 statuendis
