1925 3451
171 180 251 227 672
720 170 1004 233 Regislrum
1043 168 1293 215 Hermonis
1561 166 1676 230 [ΑΒ.
1703 181 1820 226 1341

173 309 217 339 Se
245 333 250 338 .
269 318 320 338 22.

221 319 242 348 p
267 361 499 407 [Ordination
519 365 554 393 at
575 359 829 392 Trottiscliffe.
881 357 1016 390 Names
1036 357 1070 389 in
1090 355 1235 399 digest]

288 430 481 471 Ordines
501 427 707 468 celebrati
730 440 811 480 per
825 424 1120 467 venerabilem
1139 434 1309 477 patrem
1326 422 1555 463 dominum
1575 423 1825 463 Hamonem

170 499 241 540 dei
267 498 418 554 gracia
446 498 701 538 Roffensem
730 494 988 548 episcopum
1010 493 1053 533 in
1076 492 1259 533 ecclesia
1280 491 1522 546 parochiali
1547 491 1603 531 de
1625 491 1827 531 Trottes-

169 569 296 622 clyve
324 567 395 607 die
422 564 603 607 Sabbati
632 575 824 618 quatuor
849 573 1097 615 temporum
1126 560 1287 601 mensis
1316 560 1592 614 Septembris
1621 558 1827 601 videlicet

170 644 262 678 XmO.
282 635 506 677 Kalendas
523 633 730 674 Octobris
750 645 867 672 anno
889 630 1055 671 domini
1079 629 1312 670 millesimo
1329 634 1465 671 cccmo.
1482 627 1825 682 quadragesimo

171 719 328 760 primo.

929 871 1077 924 Roffa.

173 945 253 984 Sep.
274 955 325 983 29.

268 998 550 1045 [Appointment
568 995 610 1029 of
626 994 785 1029 Richard
804 995 849 1028 de
870 993 1102 1036 Tonebregg’
1121 1004 1159 1026 as
1177 993 1329 1026 cellarer
1346 993 1382 1026 in
1400 992 1605 1026 succession
1625 996 1663 1025 to
1686 991 1769 1024 Ralf
1784 991 1829 1025 de

173 1057 379 1099 Cantuaria,
404 1055 474 1089 and
498 1054 539 1088 of
559 1054 721 1087 William
749 1052 937 1086 Bromfeld
963 1063 1001 1086 as
1028 1050 1273 1085 chamberlain
1306 1051 1339 1083 in
1369 1051 1575 1084 succession
1602 1055 1641 1083 to
1670 1049 1830 1083 Richard

173 1117 218 1149 de
238 1113 501 1158 Tonebregg’.]

289 1182 624 1225 Memorandum
657 1181 778 1234 quod
810 1179 868 1233 iij.
902 1178 1129 1220 Kalendas
1161 1178 1369 1220 Octobris
1407 1191 1524 1218 anno
1556 1177 1722 1218 domini
1754 1183 1830 1227 m0‚

172 1259 308 1294 ccc¹¹¹0.
356 1251 698 1306 quadragesimo
744 1249 890 1303 primo
935 1249 1091 1289 fratres
1139 1246 1358 1288 Radulfus
1403 1247 1458 1287 de
1500 1246 1740 1287 Cantuaria
1787 1256 1830 1286 et

174 1322 390 1362 Ricardus
423 1321 478 1361 de
510 1318 798 1373 Tonebregg'
832 1316 1021 1358 absoluti
1059 1317 1234 1357 suerunt
1265 1317 1321 1356 ab
1356 1315 1511 1356 officiis
1545 1314 1752 1356 celerarie
1787 1324 1830 1355 et

174 1389 412 1432 camerarie
436 1390 532 1431 vice
560 1387 818 1429 auctoritate
840 1385 1107 1428 venerabilis
1135 1385 1273 1439 patris
1297 1384 1466 1426 domini
1492 1383 1718 1425 Roffensis
1738 1383 1831 1438 epi-

174 1459 299 1513 scopi
329 1473 411 1513 per
431 1457 705 1500 Willelmum
735 1457 790 1496 (16
818 1455 1077 1496 Middelton‘
1106 1454 1213 1494 dicti
1243 1454 1380 1508 patris
1411 1452 1759 1494 commissarium
1788 1453 1831 1492 in

174 1529 254 1570 hac
276 1538 416 1583 parte.
480 1528 536 1567 Et
556 1526 713 1568 eodem
735 1525 806 1566 die
828 1524 1053 1579 predictus
1075 1524 1209 1564 frater
1229 1523 1447 1564 Ricardus
1468 1522 1523 1562 (16
1545 1521 1833 1576 Tonebregg'

174 1598 394 1652 prefectus
414 1596 494 1637 fuit
516 1597 559 1636 in
581 1594 775 1636 officium
803 1593 1010 1634 celerarie
1036 1593 1166 1634 Roffe
1194 1602 1237 1632 et
1258 1591 1507 1633 Willelmus
1530 1590 1766 1631 Bromfeld'
1789 1590 1832 1631 in

175 1666 369 1709 officium
391 1665 628 1706 camerarie
649 1663 847 1717 ejusdem
870 1662 954 1704 loci
977 1662 1200 1715 prefectus
1227 1661 1306 1701 fuit
1333 1661 1390 1700 ad
1422 1660 1760 1714 requisicionem
1790 1669 1832 1700 et

176 1735 523 1776 nominacienem
565 1733 725 1787 prioris
765 1742 809 1772 et
848 1731 1029 1786 capituli
1072 1730 1293 1771 Roffensis
1337 1744 1419 1784 per
1459 1728 1730 1770 willelmum
1778 1729 1834 1769 de

177 1804 433 1845 Middelton'
456 1803 703 1857 predictum
725 1811 767 1842 et
792 1801 1053 1842 auctoritate
1075 1799 1337 1854 supradicta.

177 2044 273 2087 Sub
300 2050 461 2085 mutue
486 2043 837 2084 vz'czkslludz'mssv.
898 2042 988 2082 Ad
1012 2042 1290 2082 mouendum
1319 2045 1536 2080 rectorem
1564 2053 1835 2080 conversan-

292 2120 384 2154 lem
415 2114 567 2153 ahena
597 2112 770 2153 diocese·
790 2112 914 2164 quod
939 2111 1145 2151 resideat
1174 2111 1222 2150 in
1253 2109 1460 2160 beneyffcz'o
1490 2122 1575 2150 suo
1604 2110 1688 2150 sub
1711 2114 1836 2162 pena

281 2183 430 2237 juris.

180 2272 261 2311 Sep.
281 2281 332 2309 30.

276 2326 374 2371 [The
392 2324 519 2358 official
537 2323 579 2357 of
593 2324 655 2356 the
673 2323 903 2356 archdeacon
923 2321 966 2355 of
979 2321 1141 2354 Bedford
1162 2322 1189 2354 is
1208 2321 1406 2364 requested
1425 2325 1464 2354 to
1482 2320 1672 2354 admonish
1692 2321 1837 2354 Walter

181 2384 403 2427 Launcelyn‚
419 2387 541 2417 rector
560 2382 601 2415 of
615 2381 700 2424 Ash,
715 2385 755 2414 to
774 2385 899 2414 return
919 2385 957 2413 to
976 2380 1030 2412 his
1048 2379 1214 2413 benefice
1228 2379 1352 2412 within
1371 2383 1446 2412 two
1464 2379 1612 2412 months
1630 2379 1700 2413 and
1717 2379 1836 2413 reside

180 2445 283 2478 there
301 2454 339 2476 as
356 2442 419 2475 the
438 2442 504 2475 law
523 2441 697 2484 requires.

298 2513 454 2552 Frater
469 2511 629 2557 Hamo,
645 2509 934 2564 permissione
956 2507 1105 2549 divina
1130 2505 1354 2547 Roffensis
1375 2505 1629 2560 episcopus
1652 2520 1835 2547 venera-

180 2581 255 2622 bili
287 2591 330 2622 et
360 2581 547 2621 discreto
577 2579 672 2620 viro
703 2577 870 2618 domini
897 2609 905 2618 .
931 2609 940 2618 .
965 2575 1261 2617 archidiaconi
1294 2575 1529 2616 Bedeford’
1562 2575 1736 2616 officiali
1766 2575 1837 2616 vel

181 2650 275 2704 ejus
296 2650 441 2691 locum
463 2647 629 2690 tenenti
659 2646 843 2687 salutem
873 2645 916 2685 in
942 2645 1138 2686 omnium
1164 2643 1395 2685 salvatore.
1459 2643 1577 2694 Quia
1606 2643 1836 2685 dominum

181 2719 426 2760 Walterum
452 2715 723 2769 Launcelyn,
745 2726 962 2755 rectorem
990 2713 1170 2754 ecclesie
1196 2713 1250 2753 de
1272 2712 1434 2753 Assch’
1457 2723 1607 2753 nostre
1635 2712 1836 2763 diocesiS,

182 2788 225 2828 in
247 2798 389 2829 vestra
404 2785 718 2839 jurisdiccione
739 2794 784 2824 ut
805 2783 965 2823 dicitur
985 2792 1347 2831 commorantem,
1372 2791 1420 2821 ut
1441 2783 1496 2822 ad
1524 2781 1685 2821 dictam
1711 2795 1835 2821 suam

182 2856 409 2897 ecclesiam
432 2855 580 2895 redeat
602 2864 644 2894 et
664 2851 956 2907 personaliter
976 2851 1163 2891 resideat
1186 2850 1229 2890 in
1251 2851 1406 2890 eadem
1424 2850 1554 2890 certis
1570 2860 1615 2890 et
1631 2849 1837 2905 legitimis

183 2925 324 2966 causis
345 2923 510 2965 inducti
535 2923 722 2977 dignum
752 2921 961 2961 duximus
988 2920 1276 2968 evocandum,
1301 2929 1491 2960 vestram
1518 2918 1834 2959 discrecionem

183 2994 266 3034 sub
291 3003 439 3033 mutue
465 2990 775 3033 vicissitudinis
800 2990 986 3030 obtentu
1017 2988 1279 3042 requirimus
1310 2997 1353 3028 et
1384 3001 1608 3043 rogamus,
1630 2986 1837 3040 quatinus

183 3062 370 3102 eundem
396 3060 623 3101 dominum
646 3059 891 3101 Walterum
912 3057 1007 3099 vice
1036 3067 1184 3097 nostra
1211 3055 1512 3110 peremptorie
1541 3066 1585 3096 et
1613 3056 1695 3096 sub
1723 3069 1838 3109 pena

179 3130 288 3183 juris
320 3143 512 3181 monere,
543 3143 621 3170 seu
651 3128 714 3169 sic
742 3126 908 3168 moneri
936 3127 1079 3167 facere
1109 3124 1265 3177 velitis,
1289 3124 1496 3179 quatinus
1523 3124 1579 3165 ad
1607 3123 1836 3165 ecclesiam
