1925 3451
152 198 233 235 662
690 192 977 253 Regislrzcm
1015 191 1267 238 Hamom's
1525 190 1642 254 [A.D.
1678 208 1803 252 1340

153 328 329 371 easdem
351 340 502 367 causas
523 335 733 378 tanquam
759 324 980 378 legitimas
1007 323 1252 377 approbavi
1285 332 1329 365 et
1360 324 1416 363 ad
1447 323 1803 364 auctorizandum

153 395 404 452 hujusmodi
441 392 819 448 permutacionem
855 402 1002 433 vestra
1038 391 1297 432 auctoritate
1334 391 1541 445 processi.
1605 392 1805 446 Recepta

152 466 289 521 igitur
310 462 612 517 resignacione
635 461 738 502 dicti
761 460 925 501 domini
954 460 1009 500 A.
1033 460 1237 514 perpetui
1263 460 1415 501 vicarii
1443 460 1624 502 ecclesie
1652 461 1707 501 de
1735 461 1804 511 T.,

152 544 298 577 vestre
318 531 516 580 diocesis,
537 530 762 571 dominum
779 529 817 583 J.
833 530 889 569 de
912 529 958 570 B.
983 539 1198 570 rectorem
1221 529 1402 570 ecclesie
1423 529 1478 570 de
1500 529 1806 571 Chelesworth

152 618 212 644 ex
225 616 354 644 causa
372 598 713 654 permutacionis
728 598 1024 652 resignantem
1042 611 1125 651 pro
1142 611 1234 651 quo
1249 598 1352 638 fecit
1369 597 1603 652 inquisicio
1620 599 1804 639 auctori-

153 682 242 713 tate
282 680 427 711 vestra
468 682 548 722 per
587 666 944 707 archidiaconum
988 666 1245 706 Roffensem
1282 666 1363 707 rite
1399 666 1525 717 facta,
1560 666 1629 707 cui
1669 666 1805 707 eciam

155 739 287 781 nichil
306 736 500 779 obviavit
522 737 577 776 de
606 735 826 776 canonicis
852 734 1073 783 institutis,
1097 735 1154 775 ad
1176 734 1385 776 vicariam
1408 735 1463 775 de
1484 736 1536 777 T.
1560 736 1805 789 predictam

154 807 310 850 admisi
340 818 384 847 et
415 806 559 859 ipsum
591 804 801 845 vicarium
832 803 999 844 institui
1032 802 1242 844 canonice
1274 803 1317 843 in
1350 804 1518 854 eadem,
1548 803 1807 845 obediencia

155 876 365 918 canonica
404 885 447 915 et
489 873 749 914 induccione
791 872 1012 926 corporali
1056 872 1099 911 in
1147 872 1354 913 vicariam
1396 873 1637 926 predictam
1681 872 1808 914 vobis

155 944 401 1000 specialiter
422 942 665 992 reservatis,
688 951 866 996 recepto
888 942 945 981 ab
967 941 1068 995 ipso
1090 941 1134 980 in
1160 940 1258 995 ipsa
1286 940 1563 983 institucione
1589 940 1807 995 corporali

154 1016 401 1067 juramento
434 1012 556 1065 quod
592 1011 635 1051 in
672 1011 826 1052 eadem
858 1010 1019 1052 vicaria
1048 1009 1181 1063 juxta
1216 1012 1400 1051 formam
1439 1010 1808 1052 constitucionum

158 1082 333 1124 Ottonis
363 1091 406 1122 et
438 1079 669 1129 Ottoboni,
701 1079 806 1121 olim
838 1079 882 1119 in
915 1078 1087 1133 Anglia
1117 1079 1236 1120 sedis
1267 1079 1508 1133 apostolice
1544 1079 1808 1134 legatorum,

156 1151 446 1207 personaliter
467 1149 686 1190 residebit.
749 1149 797 1188 In
820 1147 944 1202 cujus
964 1148 1025 1188 rei
1059 1147 1363 1189 testimonium
1392 1148 1587 1203 sigillum
1613 1147 1809 1189 officiali-

155 1221 256 1262 tatis
284 1219 403 1261 curie
434 1217 758 1261 Cantuariensis
786 1217 1065 1271 presentibus
1087 1226 1152 1257 est
1172 1230 1434 1271 appensum.
1496 1218 1662 1258 Datum
1691 1217 1810 1271 apud

157 1292 324 1331 Bernes
344 1288 421 1343 xij.
446 1287 671 1328 Kalendas
692 1286 893 1341 Augusti
914 1300 1031 1327 anno
1053 1285 1223 1327 domini
1245 1287 1511 1340 supradicto.

272 1360 376 1410 Quo
407 1357 586 1411 quidem
617 1355 924 1397 certificatorio
953 1355 1186 1395 dumtaxat
1210 1369 1359 1396 coram
1388 1355 1569 1397 domino
1600 1355 1811 1410 perlecto,

156 1430 272 1470 idem
304 1427 509 1469 dominus
539 1425 762 1480 Johannes
794 1425 849 1465 de
881 1423 1108 1478 Eeylham‚
1142 1423 1325 1465 vicarius
1361 1424 1542 1465 ecclesie
1572 1425 1628 1465 de
1664 1425 1811 1465 Tone-

155 1500 326 1553 bregge
366 1507 413 1537 ut
449 1494 719 1550 premittitur
751 1493 986 1542 institutus,
1013 1492 1180 1547 juravit
1213 1492 1395 1534 domino
1431 1493 1734 1534 obedienciam
1765 1493 1809 1533 in

157 1568 298 1609 forma
328 1573 548 1606 consueta.
609 1564 667 1603 Et
703 1563 934 1604 confestim
966 1561 1184 1603 emanavit
1215 1562 1439 1615 quoddam
1471 1563 1724 1603 mandatum
1755 1562 1811 1602 ad

156 1635 452 1677 inducendum
489 1633 680 1674 eundem
711 1631 940 1672 dominum
966 1630 1217 1687 Johannem
1251 1631 1294 1670 in
1327 1631 1606 1685 corporalem
1637 1645 1810 1685 posses-

155 1705 324 1746 sionem
343 1703 386 1743 in
400 1702 605 1744 vicariam
620 1701 675 1741 de
692 1701 747 1742 T.
766 1700 1025 1755 predictam,
1040 1699 1353 1741 archidiacono
1372 1699 1569 1741 Roffensi
1587 1699 1811 1740 directum.

160 1929 304 1981 Copia
328 1927 789 1981 z’nquz'cz'onz'ssacle
808 1925 1082 1977 snpezfjmfe
1092 1928 1385 1975 palemtzts
1404 1924 1580 1963 ecclesie
1605 1925 1659 1963 de
1686 1923 1813 1976 Leglz

273 1996 504 2050 Roffensz's
537 1994 729 2035 diocesis
760 1994 989 2034 occasione
1008 1994 1387 2044 permutaciom's
1418 1993 1543 2032 mter
1568 1993 1812 2033 dominum

272 2062 534 2103 Henmkmn
574 2066 797 2101 rectorem
842 2060 1043 2112 ejusdem
1090 2065 1134 2099 et
1180 2059 1424 2099 dominum
1475 2059 1713 2112 Rogerum
1759 2060 1815 2099 de

273 2131 604 2184 Frendesbery,
637 2135 862 2169 rectorem
904 2129 1080 2168 ecclesie
1111 2128 1161 2167 dc
1191 2125 1457 2176 Ssradesell,
1491 2128 1815 2180 Norwycenszssc

275 2202 476 2245 dzbcesss,
516 2201 570 2240 de
611 2200 747 2239 dl'cll's
783 2199 886 2238 suis
925 2197 1149 2250 beneficia?
1173 2196 1406 2246 faciende,
1442 2200 1529 2247 per
1570 2197 1813 2237 dominum

273 2271 658 2312 archidiaconum
681 2268 943 2320 Roff‘enscm
951 2266 1097 2317 facte.

162 2366 255 2395 1340.

159 2411 242 2442 Nov.
266 2419 314 2447 13.

257 2464 329 2509 [On
348 2474 368 2496 a
386 2459 565 2506 proposed
584 2458 767 2500 exchange
787 2457 953 2490 between
974 2455 1103 2499 Hem-y
1122 2455 1167 2489 de
1187 2454 1388 2498 Schypton‚
1404 2459 1527 2488 rector
1546 2453 1586 2487 of
1602 2453 1727 2497 Leigh,
1745 2454 1815 2486 and

161 2524 285 2566 Roger
311 2522 356 2555 de
385 2518 651 2560 Frendesbery,
671 2520 794 2549 rector
819 2514 860 2547 of
884 2513 1098 2547 Stradishall
1125 2512 1311 2558 (Suffolk)‚
1334 2513 1396 2546 the
1423 2513 1550 2556 bishop
1574 2523 1621 2545 on
1650 2512 1751 2555 Sept.
1772 2524 1812 2554 23

159 2581 277 2616 issued
293 2591 312 2613 a
327 2578 555 2613 commission
571 2580 611 2609 to
625 2576 687 2608 the
701 2573 929 2608 archdeacon
944 2572 984 2605 of
1003 2571 1206 2605 Rochester
1219 2576 1258 2605 to
1275 2570 1379 2604 make
1392 2571 1454 2604 the
1473 2571 1574 2604 usual
1594 2570 1816 2614 inquisition.

159 2640 253 2674 This
279 2650 351 2672 was
377 2635 565 2677 returned,
584 2633 693 2667 dated
713 2633 797 2667 Oct.
820 2646 850 2672 4.
902 2631 985 2664 The
1003 2631 1129 2673 bishop
1148 2641 1194 2662 on
1223 2630 1305 2664 Oct.
1328 2632 1345 2661 6
1366 2628 1647 2662 commissioned
1675 2629 1816 2661 Master

161 2699 277 2732 Adam
304 2698 349 2730 de
376 2693 617 2735 Murimouth,
645 2702 759 2725 canon
786 2690 828 2723 of
853 2689 1019 2731 London,
1045 2693 1085 2721 to
1115 2689 1225 2722 effect
1254 2689 1315 2721 the
1346 2688 1542 2730 exchange,
1568 2687 1638 2720 and
1669 2687 1815 2720 Adam’s

159 2757 361 2791 certificate
380 2765 451 2788 was
471 2751 658 2793 returned,
677 2749 785 2783 dated
812 2748 903 2782 Nov.
929 2760 978 2781 12.
1031 2748 1114 2780 The
1139 2751 1226 2780 next
1253 2746 1322 2790 day
1345 2747 1466 2789 Roger
1489 2746 1533 2780 de
1562 2745 1815 2789 Frendesbery

161 2815 266 2848 made
284 2815 338 2847 his
356 2813 440 2846 oath
459 2811 501 2845 of
516 2809 718 2844 obedience
735 2808 805 2841 and
824 2807 886 2840 the
905 2806 1075 2839 mandate
1094 2805 1151 2839 sor
1168 2805 1221 2838 his
1239 2804 1428 2838 induction
1449 2815 1519 2837 was
1539 2803 1682 2848 issued.]

162 2890 238 2921 Oct.
258 2901 287 2928 4.

277 2951 529 2995 Venerabili
563 2950 606 2990 in
644 2948 823 2989 Christo
861 2946 974 3001 patri
1011 2960 1061 2986 ac
1095 2945 1277 2986 domino
1317 2959 1399 2986 suo
1435 2944 1615 2985 domino
1652 2944 1709 2984 H.
1744 2943 1814 2982 dei

164 3023 315 3079 gracia
345 3019 545 3062 Roffensi
577 3018 792 3072 episcopo
823 3030 927 3056 suus
958 3014 1135 3055 humilis
1166 3023 1207 3054 et
1239 3014 1425 3055 devotus
1455 3012 1640 3053 clericus
1672 3010 1814 3052 archi-

154 3093 376 3143 diaconus
408 3087 633 3130 Roffensis
663 3084 964 3127 obedienciam
997 3082 1290 3125 reverenciam
1322 3092 1364 3122 et
1397 3081 1613 3122 honorem
1644 3080 1815 3120 debitos

167 3170 289 3201 tanto
310 3158 439 3213 patri.
503 3156 759 3197 Mandatum
780 3164 973 3195 vestrum
998 3166 1140 3206 nuper
1161 3150 1309 3204 recepi
1331 3151 1374 3190 in
1398 3150 1477 3191 hec
1500 3150 1655 3191 verba:
