1925 3451
81 215 177 245 A.D.
204 214 220 243 I
234 195 349 260 343]
657 195 889 259 Episcopi
920 194 1159 256 Rcffmsis
1660 209 1736 248 705

706 385 875 425 Prima
897 390 1107 425 tonsura.

81 454 164 494 Apr.
183 465 214 493 5.

83 508 196 554 [First
214 514 365 543 tonsure
383 509 425 542 of
439 513 500 542 ten
520 510 648 543 clerks.
700 508 834 542 Names
853 509 887 541 in
906 507 1049 552 digest.]

196 577 336 619 Nonis
377 578 549 631 Aprilis
581 591 698 618 anno
734 577 899 619 domini
937 576 1167 617 millesimo
1203 574 1472 628 eeen10.xliij0.
1529 574 1735 616 Ordinati

79 647 254 688 fuerunt
275 648 331 688 ad
352 647 542 702 primam
564 657 787 688 tonsuram
809 645 1053 687 clericalem
1076 644 1342 700 infrascripti
1359 662 1430 685 :—

778 861 1047 902 Netlestede.

78 930 107 961 A
136 940 161 962 r.
205 954 211 961 .

111 940 133 970 p
178 940 387 1019 lynstitution
413 984 453 1018 of
475 985 572 1029 John
598 986 643 1019 de
670 985 819 1029 Pympe,
838 985 950 1027 clerl<‚
970 990 1009 1018 to
1036 984 1266 1018 Nettlestead
1288 984 1330 1020 R.
1350 984 1433 1017 void
1452 984 1499 1028 by
1517 984 1734 1027 resignation

77 1043 120 1077 of
146 1044 307 1077 William
339 1044 384 1077 de
420 1044 569 1087 Pympe.
622 1044 782 1078 Patron:
819 1043 937 1087 Philip
967 1043 1012 1076 de
1044 1044 1195 1087 Pynipe,
1227 1043 1278 1077 kt.
1331 1042 1428 1076 Oath
1459 1041 1502 1075 of
1531 1041 1734 1076 obedience

75 1101 135 1146 vij.
161 1102 213 1136 ld.
234 1102 346 1145 April.

77 1238 152 1280 [Fo.
172 1248 234 1277 204
250 1238 300 1279 b.]

809 1293 854 1333 A
863 1294 996 1333 colz‘ts.

77 1372 169 1401 1343-

74 1416 159 1456 Apr.
182 1426 229 1455 13.

171 1472 402 1516 [Ordination
422 1471 463 1505 of
475 1476 548 1505 two
566 1471 752 1516 acolytes]

188 1541 336 1581 Idibus
377 1540 549 1594 Aprilis
588 1555 705 1582 anno
738 1540 904 1581 domini
947 1540 1203 1594 supradicto
1245 1541 1436 1582 ordinati
1476 1542 1651 1583 fuerunt
1684 1542 1728 1582 in

71 1598 241 1652 capella
271 1599 326 1639 de
357 1598 648 1639 Trottesclive
683 1598 843 1649 acoliti,
875 1598 1078 1640 videlicet
1105 1598 1334 1653 Johannes
1366 1599 1551 1654 Pympe,
1583 1609 1729 1641 rector

72 1667 253 1708 ecclesie
280 1668 336 1708 de
359 1667 644 1718 Nettlestede‚
672 1667 893 1708 Roffensis
924 1667 1122 1718 diocesis,
1152 1678 1194 1708 et
1222 1667 1421 1709 Thomas
1449 1668 1649 1711 Convers
1671 1669 1727 1710 de

73 1736 301 1792 Mallyng'.

72 1839 147 1880 [Fo.
165 1839 259 1880 205]

71 1905 154 1944 Apr.
176 1915 225 1943 29.

168 1959 336 2004 [Faculty
356 1965 395 1992 to
414 1960 523 2002 Lora,
538 1960 621 1993 wife
641 1960 682 1993 of
699 1960 856 1993 William
878 1960 1088 2004 Claperons,
1104 1966 1143 1993 to
1159 1960 1263 1994 make
1278 1972 1297 1994 a
1312 1962 1426 2003 larger
1441 1962 1594 1995 window
1615 1963 1647 1995 in
1666 1962 1728 1996 the

72 2018 190 2052 North
209 2018 294 2051 aisle
312 2017 353 2051 of
368 2018 546 2051 Dartford
565 2018 714 2061 chureii,
734 2022 821 2050 next
840 2017 902 2051 the
920 2018 1097 2062 chancel.]

187 2086 379 2128 Sachent
401 2097 518 2128 toutz
540 2097 672 2142 gentz
693 2087 738 2140 qi
761 2096 900 2128 cestes
921 2086 1068 2128 lettres
1089 2097 1267 2129 verront
1284 2102 1342 2129 ou
1359 2098 1514 2130 orront
1536 2103 1592 2142 qe
1615 2103 1726 2131 nous

70 2158 182 2198 frere
206 2158 384 2198 Hamon
407 2171 489 2212 par
510 2157 551 2197 la
572 2157 846 2198 soeffraunce
867 2156 1006 2197 dieux
1026 2171 1217 2211 evesque
1234 2158 1289 2198 de
1312 2157 1554 2198 Roucestre
1575 2172 1727 2200 avoms

67 2237 281 2281 grauntee
298 2236 340 2267 et
355 2226 515 2267 assenti
530 2241 585 2280 qe
603 2226 720 2266 Lore
736 2225 778 2266 la
796 2226 955 2266 femme
973 2225 1167 2267 William
1190 2226 1436 2281 Claperons
1457 2227 1605 2281 puisse
1620 2228 1726 2268 faire

69 2309 127 2335 un
152 2293 281 2336 novel
302 2295 490 2335 fenestre
506 2309 561 2335 en
579 2294 688 2335 16616
711 2305 833 2348 prest
849 2295 909 2335 du
925 2295 1139 2335 chauncel
1162 2296 1215 2336 de
1238 2294 1391 2349 legiise
1409 2296 1464 2336 de
1487 2296 1725 2336 Derteford

68 2378 166 2404 vers
186 2363 226 2403 le
250 2363 391 2403 North
413 2363 580 2418 largier
595 2374 638 2404 et
659 2362 828 2404 alomer
843 2374 887 2404 et
903 2375 1027 2404 autre
1048 2365 1369 2404 redressement
1393 2364 1496 2404 faire
1518 2364 1559 2404 al
1580 2364 1726 2405 honur

68 2432 123 2473 de
145 2432 282 2472 dieux
303 2442 346 2472 et
369 2447 416 2472 sa
437 2433 579 2473 douce
608 2447 735 2474 mere.
789 2433 845 2473 Et
868 2446 894 2474 a
918 2432 1134 2487 complier
1163 2446 1274 2473 soun
1307 2433 1394 2473 bon
1417 2433 1533 2474 desir
1552 2433 1724 2475 voloms

67 2511 110 2541 et
131 2511 362 2555 grantoms
387 2512 479 2541 tant
500 2515 626 2542 come
656 2515 768 2543 nous
795 2502 943 2551 atient,
967 2516 1022 2555 qe
1044 2516 1091 2542 sa
1112 2502 1326 2542 devocion
1350 2502 1446 2554 qele
1469 2503 1525 2542 ad
1546 2503 1601 2542 de
1623 2502 1723 2543 bien

67 2569 175 2610 faire
194 2584 220 2610 a
241 2569 351 2610 seint
372 2568 510 2623 eglise
531 2584 557 2610 a
580 2569 685 2610 nulli
707 2570 791 2610 soit
813 2570 1071 2624 prejudicial
1093 2585 1147 2610 en
1169 2582 1312 2624 temps
1333 2570 1495 2612 avenir.
1549 2571 1616 2610 En
1640 2582 1723 2612 tes-

67 2637 294 2678 moinance
324 2638 401 2678 des
428 2652 582 2692 queux
612 2638 767 2679 choses
800 2653 909 2680 nous
931 2639 1068 2680 eioms
1100 2639 1181 2679 mis
1210 2650 1359 2679 nostre
1387 2639 1489 2680 seal.
1542 2640 1670 2681 Done
1698 2655 1723 2681 a

67 2706 356 2748 Trottesclive
374 2706 414 2746 le
431 2706 560 2747 xxix.
576 2706 680 2760 jour
702 2706 880 2748 Daveril
901 2707 972 2748 lan
989 2708 1048 2748 du
1072 2722 1209 2763 regne
1226 2708 1266 2748 le
1288 2707 1352 2748 roi
1376 2707 1568 2749 Edward
1589 2708 1722 2750 tierce

67 2775 167 2828 puis
187 2775 227 2815 le
248 2786 488 2828 conqueste
509 2775 577 2815 dis
598 2786 640 2816 et
663 2775 863 2829 septime.

689 2988 735 3028 A
743 2989 778 3029 d
794 2990 1093 3030 vz'sz'tandam.

70 3056 149 3095 May
170 3065 218 3094 13.

159 3111 259 3155 [The
277 3111 403 3155 bishop
422 3111 517 3153 gives
535 3111 656 3144 notice
675 3110 717 3144 of
738 3112 792 3144 his
814 3112 992 3145 intention
1016 3116 1057 3145 to
1081 3112 1160 3145 visit
1184 3112 1247 3145 the
1274 3113 1373 3155 prior
1399 3113 1467 3146 and
1494 3113 1645 3158 chapter
1669 3126 1716 3148 on

66 3169 161 3212 June
179 3168 247 3212 13.]

133 3239 297 3256 nocnesrfflz
1576 3240 1593 3260 Z
1611 3242 1626 3261 z
