<?xml version="1.0" encoding="UTF-8"?>
<!DOCTYPE html PUBLIC "-//W3C//DTD XHTML 1.0 Transitional//EN"
    "http://www.w3.org/TR/xhtml1/DTD/xhtml1-transitional.dtd">
<html xmlns="http://www.w3.org/1999/xhtml" xml:lang="en" lang="en">
 <head>
  <title>
</title>
<meta http-equiv="Content-Type" content="text/html;charset=utf-8" />
  <meta name='ocr-system' content='tesseract 3.04.00' />
  <meta name='ocr-capabilities' content='ocr_page ocr_carea ocr_par ocr_line ocrx_word'/>
</head>
<body>
  <div class='ocr_page' id='page_1' title='image "./registrumhamonis07cath_0008.png"; bbox 0 0 1925 3451; ppageno 0'>
   <div class='ocr_carea' id='block_1_1' title="bbox 157 176 1801 242">
    <p class='ocr_par' dir='ltr' id='par_1_1' title="bbox 157 176 1801 242">
     <span class='ocr_line' id='line_1_1' title="bbox 157 176 1801 242; baseline 0.007 -26"><span class='ocrx_word' id='word_1_1' title='bbox 157 178 239 229; x_wconf 87' lang='lat'>658</span> <span class='ocrx_word' id='word_1_2' title='bbox 696 177 983 238; x_wconf 69' lang='lat' dir='ltr'>Regz&#39;slrum</span> <span class='ocrx_word' id='word_1_3' title='bbox 1020 178 1087 224; x_wconf 86' lang='lat' dir='ltr'><em>H</em></span> <span class='ocrx_word' id='word_1_4' title='bbox 1083 178 1270 223; x_wconf 70' lang='lat' dir='ltr'>amonis</span> <span class='ocrx_word' id='word_1_5' title='bbox 1531 176 1648 242; x_wconf 87' lang='lat' dir='ltr'><strong>[A.D.</strong></span> <span class='ocrx_word' id='word_1_6' title='bbox 1684 196 1699 225; x_wconf 90' lang='lat'>1</span> <span class='ocrx_word' id='word_1_7' title='bbox 1714 195 1774 238; x_wconf 80' lang='lat'>34</span> <span class='ocrx_word' id='word_1_8' title='bbox 1786 196 1801 226; x_wconf 81' lang='grc' dir='ltr'>Ι</span> 
     </span>
    </p>
   </div>
   <div class='ocr_carea' id='block_1_2' title="bbox 157 259 1807 279">
    <p class='ocr_par' dir='ltr' id='par_1_2' title="bbox 157 259 1807 279">
     <span class='ocr_line' id='line_1_2' title="bbox 157 259 1807 279; baseline 0 0"><span class='ocrx_word' id='word_1_9' title='bbox 157 259 1807 279; x_wconf 95' lang='lat' dir='ltr'> </span> 
     </span>
    </p>
   </div>
   <div class='ocr_carea' id='block_1_3' title="bbox 156 307 1824 2637">
    <p class='ocr_par' dir='ltr' id='par_1_3' title="bbox 156 307 1824 2637">
     <span class='ocr_line' id='line_1_3' title="bbox 157 307 1810 362; baseline 0.002 -15"><span class='ocrx_word' id='word_1_10' title='bbox 157 307 401 355; x_wconf 81' lang='lat' dir='ltr'>salubriter,</span> <span class='ocrx_word' id='word_1_11' title='bbox 430 317 472 348; x_wconf 94' lang='lat' dir='ltr'>et</span> <span class='ocrx_word' id='word_1_12' title='bbox 499 322 582 362; x_wconf 88' lang='lat' dir='ltr'>pro</span> <span class='ocrx_word' id='word_1_13' title='bbox 606 309 741 349; x_wconf 94' lang='lat' dir='ltr'>domo</span> <span class='ocrx_word' id='word_1_14' title='bbox 768 308 934 349; x_wconf 90' lang='lat' dir='ltr'>domini</span> <span class='ocrx_word' id='word_1_15' title='bbox 962 309 1301 349; x_wconf 78' lang='lat' dir='ltr'>ascendentibus</span> <span class='ocrx_word' id='word_1_16' title='bbox 1332 323 1391 350; x_wconf 84' lang='lat' dir='ltr'>ex</span> <span class='ocrx_word' id='word_1_17' title='bbox 1421 310 1607 351; x_wconf 89' lang='lat' dir='ltr'>adverso</span> <span class='ocrx_word' id='word_1_18' title='bbox 1636 325 1810 351; x_wconf 91' lang='lat' dir='ltr'>murum</span> 
     </span>
     <span class='ocr_line' id='line_1_4' title="bbox 157 376 1812 432; baseline 0.002 -16"><span class='ocrx_word' id='word_1_19' title='bbox 157 376 552 430; x_wconf 79' lang='lat' dir='ltr'>inexpugnabilem</span> <span class='ocrx_word' id='word_1_20' title='bbox 574 391 620 417; x_wconf 91' lang='lat' dir='ltr'>se</span> <span class='ocrx_word' id='word_1_21' title='bbox 642 377 838 431; x_wconf 88' lang='lat' dir='ltr'>prebere,</span> <span class='ocrx_word' id='word_1_22' title='bbox 862 388 908 417; x_wconf 93' lang='lat' dir='ltr'>ut</span> <span class='ocrx_word' id='word_1_23' title='bbox 928 377 1085 431; x_wconf 89' lang='lat' dir='ltr'>spiritu</span> <span class='ocrx_word' id='word_1_24' title='bbox 1107 377 1319 418; x_wconf 81' lang='lat' dir='ltr'>libertatis</span> <span class='ocrx_word' id='word_1_25' title='bbox 1339 377 1572 432; x_wconf 91' lang='lat' dir='ltr'>loquentes</span> <span class='ocrx_word' id='word_1_26' title='bbox 1601 379 1812 420; x_wconf 81' lang='lat' dir='ltr'>audacter</span> 
     </span>
     <span class='ocr_line' id='line_1_5' title="bbox 157 445 1812 501; baseline 0.002 -16"><span class='ocrx_word' id='word_1_27' title='bbox 157 445 453 499; x_wconf 87' lang='lat' dir='ltr'>pronuncient</span> <span class='ocrx_word' id='word_1_28' title='bbox 474 460 561 499; x_wconf 91' lang='lat' dir='ltr'>que</span> <span class='ocrx_word' id='word_1_29' title='bbox 588 445 716 486; x_wconf 88' lang='lat' dir='ltr'>saluti</span> <span class='ocrx_word' id='word_1_30' title='bbox 741 456 991 501; x_wconf 91' lang='lat' dir='ltr'>congruunt</span> <span class='ocrx_word' id='word_1_31' title='bbox 1017 446 1276 497; x_wconf 87' lang='lat' dir='ltr'>animarum,</span> <span class='ocrx_word' id='word_1_32' title='bbox 1297 446 1480 488; x_wconf 86' lang='lat' dir='ltr'>ecclesie</span> <span class='ocrx_word' id='word_1_33' title='bbox 1502 447 1746 488; x_wconf 89' lang='lat' dir='ltr'>libertatem</span> <span class='ocrx_word' id='word_1_34' title='bbox 1768 457 1812 488; x_wconf 92' lang='lat' dir='ltr'>et</span> 
     </span>
     <span class='ocr_line' id='line_1_6' title="bbox 159 514 1811 569; baseline 0.001 -15"><span class='ocrx_word' id='word_1_35' title='bbox 159 515 373 555; x_wconf 90' lang='lat' dir='ltr'>honorem</span> <span class='ocrx_word' id='word_1_36' title='bbox 390 514 461 554; x_wconf 91' lang='lat' dir='ltr'>dei</span> <span class='ocrx_word' id='word_1_37' title='bbox 477 529 527 555; x_wconf 87' lang='lat' dir='ltr'>ac</span> <span class='ocrx_word' id='word_1_38' title='bbox 543 514 851 555; x_wconf 90' lang='lat' dir='ltr'>liberacionem</span> <span class='ocrx_word' id='word_1_39' title='bbox 870 515 1011 568; x_wconf 90' lang='lat' dir='ltr'>patrie</span> <span class='ocrx_word' id='word_1_40' title='bbox 1027 515 1258 556; x_wconf 88' lang='lat' dir='ltr'>conferant</span> <span class='ocrx_word' id='word_1_41' title='bbox 1275 525 1318 555; x_wconf 90' lang='lat' dir='ltr'>et</span> <span class='ocrx_word' id='word_1_42' title='bbox 1340 526 1593 569; x_wconf 91' lang='lat' dir='ltr'>procurent.</span> <span class='ocrx_word' id='word_1_43' title='bbox 1644 517 1811 557; x_wconf 91' lang='lat' dir='ltr'>Verum</span> 
     </span>
     <span class='ocr_line' id='line_1_7' title="bbox 158 582 1813 637; baseline 0.001 -15"><span class='ocrx_word' id='word_1_44' title='bbox 158 582 260 637; x_wconf 90' lang='lat' dir='ltr'>quia</span> <span class='ocrx_word' id='word_1_45' title='bbox 288 582 469 624; x_wconf 87' lang='lat' dir='ltr'>ecclesia</span> <span class='ocrx_word' id='word_1_46' title='bbox 496 598 584 637; x_wconf 90' lang='lat' dir='ltr'>que</span> <span class='ocrx_word' id='word_1_47' title='bbox 612 582 750 624; x_wconf 88' lang='lat' dir='ltr'>libera</span> <span class='ocrx_word' id='word_1_48' title='bbox 777 597 873 624; x_wconf 88' lang='lat' dir='ltr'>esse</span> <span class='ocrx_word' id='word_1_49' title='bbox 901 584 1032 623; x_wconf 92' lang='lat' dir='ltr'>debet</span> <span class='ocrx_word' id='word_1_50' title='bbox 1061 582 1193 624; x_wconf 86' lang='lat' dir='ltr'>variis</span> <span class='ocrx_word' id='word_1_51' title='bbox 1217 583 1533 625; x_wconf 82' lang='lat' dir='ltr'>exaccionibus</span> <span class='ocrx_word' id='word_1_52' title='bbox 1554 583 1748 625; x_wconf 88' lang='lat' dir='ltr'>collectis</span> <span class='ocrx_word' id='word_1_53' title='bbox 1769 594 1813 624; x_wconf 92' lang='lat' dir='ltr'>et</span> 
     </span>
     <span class='ocr_line' id='line_1_8' title="bbox 158 651 1814 707; baseline 0.001 -16"><span class='ocrx_word' id='word_1_54' title='bbox 158 651 286 692; x_wconf 91' lang='lat' dir='ltr'>talliis</span> <span class='ocrx_word' id='word_1_55' title='bbox 308 651 474 692; x_wconf 88' lang='lat' dir='ltr'>infestis</span> <span class='ocrx_word' id='word_1_56' title='bbox 490 667 515 693; x_wconf 89' lang='lat' dir='ltr'>a</span> <span class='ocrx_word' id='word_1_57' title='bbox 531 651 711 705; x_wconf 89' lang='lat' dir='ltr'>prelatis</span> <span class='ocrx_word' id='word_1_58' title='bbox 731 662 775 692; x_wconf 89' lang='lat' dir='ltr'>et</span> <span class='ocrx_word' id='word_1_59' title='bbox 797 651 913 693; x_wconf 93' lang='lat' dir='ltr'>clero</span> <span class='ocrx_word' id='word_1_60' title='bbox 935 651 1072 693; x_wconf 90' lang='lat' dir='ltr'>eciam</span> <span class='ocrx_word' id='word_1_61' title='bbox 1095 666 1183 693; x_wconf 92' lang='lat' dir='ltr'>non</span> <span class='ocrx_word' id='word_1_62' title='bbox 1205 652 1420 693; x_wconf 87' lang='lat' dir='ltr'>consessis</span> <span class='ocrx_word' id='word_1_63' title='bbox 1442 653 1711 707; x_wconf 84' lang='lat' dir='ltr'>opprimitur</span> <span class='ocrx_word' id='word_1_64' title='bbox 1730 652 1814 693; x_wconf 91' lang='lat' dir='ltr'>hiis</span> 
     </span>
     <span class='ocr_line' id='line_1_9' title="bbox 156 720 1813 775; baseline 0.001 -15"><span class='ocrx_word' id='word_1_65' title='bbox 156 720 312 761; x_wconf 90' lang='lat' dir='ltr'>diebus</span> <span class='ocrx_word' id='word_1_66' title='bbox 333 720 562 774; x_wconf 88' lang='lat' dir='ltr'>clerusque</span> <span class='ocrx_word' id='word_1_67' title='bbox 585 731 732 761; x_wconf 88' lang='lat' dir='ltr'>nostre</span> <span class='ocrx_word' id='word_1_68' title='bbox 752 721 1079 762; x_wconf 89' lang='lat' dir='ltr'>Cantuariensis</span> <span class='ocrx_word' id='word_1_69' title='bbox 1099 721 1328 775; x_wconf 90' lang='lat' dir='ltr'>provincie</span> <span class='ocrx_word' id='word_1_70' title='bbox 1344 732 1533 762; x_wconf 85' lang='lat' dir='ltr'>vexatur</span> <span class='ocrx_word' id='word_1_71' title='bbox 1554 721 1747 762; x_wconf 89' lang='lat' dir='ltr'>indebite</span> <span class='ocrx_word' id='word_1_72' title='bbox 1769 729 1813 762; x_wconf 91' lang='lat' dir='ltr'>et</span> 
     </span>
     <span class='ocr_line' id='line_1_10' title="bbox 158 788 1815 844; baseline 0.001 -16"><span class='ocrx_word' id='word_1_73' title='bbox 158 788 458 843; x_wconf 91' lang='lat' dir='ltr'>ignominioso</span> <span class='ocrx_word' id='word_1_74' title='bbox 508 799 767 844; x_wconf 89' lang='lat' dir='ltr'>contemptu</span> <span class='ocrx_word' id='word_1_75' title='bbox 818 790 1022 831; x_wconf 88' lang='lat' dir='ltr'>atteritur</span> <span class='ocrx_word' id='word_1_76' title='bbox 1071 789 1370 839; x_wconf 89' lang='lat' dir='ltr'>vehementer,</span> <span class='ocrx_word' id='word_1_77' title='bbox 1409 790 1612 844; x_wconf 88' lang='lat' dir='ltr'>jurisque</span> <span class='ocrx_word' id='word_1_78' title='bbox 1661 789 1815 831; x_wconf 84' lang='lat' dir='ltr'>semita</span> 
     </span>
     <span class='ocr_line' id='line_1_11' title="bbox 158 856 1815 913; baseline 0.002 -17"><span class='ocrx_word' id='word_1_79' title='bbox 158 856 363 897; x_wconf 90' lang='lat' dir='ltr'>derelicta</span> <span class='ocrx_word' id='word_1_80' title='bbox 384 857 617 898; x_wconf 88' lang='lat' dir='ltr'>divertitur</span> <span class='ocrx_word' id='word_1_81' title='bbox 645 857 688 898; x_wconf 90' lang='lat' dir='ltr'>in</span> <span class='ocrx_word' id='word_1_82' title='bbox 719 858 963 912; x_wconf 85' lang='lat' dir='ltr'>obliquum,</span> <span class='ocrx_word' id='word_1_83' title='bbox 985 858 1100 899; x_wconf 89' lang='lat' dir='ltr'>cedit</span> <span class='ocrx_word' id='word_1_84' title='bbox 1123 858 1327 912; x_wconf 90' lang='lat' dir='ltr'>potencie</span> <span class='ocrx_word' id='word_1_85' title='bbox 1349 858 1512 899; x_wconf 91' lang='lat' dir='ltr'>veritas</span> <span class='ocrx_word' id='word_1_86' title='bbox 1533 869 1577 899; x_wconf 92' lang='lat' dir='ltr'>et</span> <span class='ocrx_word' id='word_1_87' title='bbox 1592 858 1815 913; x_wconf 90' lang='lat' dir='ltr'>justiciam</span> 
     </span>
     <span class='ocr_line' id='line_1_12' title="bbox 156 925 1815 982; baseline 0 -15"><span class='ocrx_word' id='word_1_88' title='bbox 156 926 307 967; x_wconf 89' lang='lat' dir='ltr'>odium</span> <span class='ocrx_word' id='word_1_89' title='bbox 319 925 409 980; x_wconf 85' lang='lat' dir='ltr'>jam</span> <span class='ocrx_word' id='word_1_90' title='bbox 427 926 625 981; x_wconf 81' lang='lat' dir='ltr'>expellit,</span> <span class='ocrx_word' id='word_1_91' title='bbox 639 938 823 981; x_wconf 85' lang='lat' dir='ltr'>propter</span> <span class='ocrx_word' id='word_1_92' title='bbox 834 942 934 982; x_wconf 82' lang='lat' dir='ltr'>que,</span> <span class='ocrx_word' id='word_1_93' title='bbox 948 938 996 968; x_wconf 89' lang='lat' dir='ltr'>ut</span> <span class='ocrx_word' id='word_1_94' title='bbox 1009 927 1243 977; x_wconf 92' lang='lat' dir='ltr'>credimus,</span> <span class='ocrx_word' id='word_1_95' title='bbox 1258 926 1328 968; x_wconf 93' lang='lat' dir='ltr'>ille</span> <span class='ocrx_word' id='word_1_96' title='bbox 1343 927 1594 981; x_wconf 89' lang='lat' dir='ltr'>quijudicat</span> <span class='ocrx_word' id='word_1_97' title='bbox 1609 938 1653 969; x_wconf 89' lang='lat' dir='ltr'>et</span> <span class='ocrx_word' id='word_1_98' title='bbox 1667 927 1815 981; x_wconf 90' lang='lat' dir='ltr'>arguit</span> 
     </span>
     <span class='ocr_line' id='line_1_13' title="bbox 156 996 1817 1051; baseline 0.001 -16"><span class='ocrx_word' id='word_1_99' title='bbox 156 1009 242 1049; x_wconf 92' lang='lat' dir='ltr'>pro</span> <span class='ocrx_word' id='word_1_100' title='bbox 273 996 511 1036; x_wconf 85' lang='lat' dir='ltr'>mansuetis</span> <span class='ocrx_word' id='word_1_101' title='bbox 540 1006 668 1046; x_wconf 89' lang='lat' dir='ltr'>terre,</span> <span class='ocrx_word' id='word_1_102' title='bbox 696 997 934 1051; x_wconf 87' lang='lat' dir='ltr'>gemitibus</span> <span class='ocrx_word' id='word_1_103' title='bbox 964 1010 1283 1051; x_wconf 83' lang='lat' dir='ltr'>oppressorum</span> <span class='ocrx_word' id='word_1_104' title='bbox 1315 997 1389 1050; x_wconf 92' lang='lat' dir='ltr'>pie</span> <span class='ocrx_word' id='word_1_105' title='bbox 1420 996 1705 1050; x_wconf 86' lang='lat' dir='ltr'>compatiens,</span> <span class='ocrx_word' id='word_1_106' title='bbox 1735 1010 1817 1050; x_wconf 88' lang='lat' dir='ltr'>per</span> 
     </span>
     <span class='ocr_line' id='line_1_14' title="bbox 157 1063 1817 1120; baseline 0.001 -17"><span class='ocrx_word' id='word_1_107' title='bbox 157 1063 402 1118; x_wconf 88' lang='lat' dir='ltr'>impietates</span> <span class='ocrx_word' id='word_1_108' title='bbox 424 1065 675 1119; x_wconf 91' lang='lat' dir='ltr'>hujusmodi</span> <span class='ocrx_word' id='word_1_109' title='bbox 703 1065 896 1119; x_wconf 85' lang='lat' dir='ltr'>graviter</span> <span class='ocrx_word' id='word_1_110' title='bbox 923 1066 1133 1116; x_wconf 85' lang='lat' dir='ltr'>offensus,</span> <span class='ocrx_word' id='word_1_111' title='bbox 1155 1065 1199 1105; x_wconf 91' lang='lat' dir='ltr'>in</span> <span class='ocrx_word' id='word_1_112' title='bbox 1228 1065 1408 1107; x_wconf 89' lang='lat' dir='ltr'>diversis</span> <span class='ocrx_word' id='word_1_113' title='bbox 1436 1065 1589 1106; x_wconf 92' lang='lat' dir='ltr'>mundi</span> <span class='ocrx_word' id='word_1_114' title='bbox 1616 1065 1817 1120; x_wconf 89' lang='lat' dir='ltr'>partibus</span> 
     </span>
     <span class='ocr_line' id='line_1_15' title="bbox 156 1133 1816 1190; baseline 0.001 -16"><span class='ocrx_word' id='word_1_115' title='bbox 156 1133 275 1174; x_wconf 87' lang='lat' dir='ltr'>varia</span> <span class='ocrx_word' id='word_1_116' title='bbox 306 1134 504 1187; x_wconf 88' lang='lat' dir='ltr'>permisit</span> <span class='ocrx_word' id='word_1_117' title='bbox 535 1135 631 1189; x_wconf 89' lang='lat' dir='ltr'>regi</span> <span class='ocrx_word' id='word_1_118' title='bbox 663 1145 706 1175; x_wconf 86' lang='lat' dir='ltr'>et</span> <span class='ocrx_word' id='word_1_119' title='bbox 738 1149 879 1190; x_wconf 92' lang='lat' dir='ltr'>regno</span> <span class='ocrx_word' id='word_1_120' title='bbox 909 1149 1171 1190; x_wconf 83' lang='lat' dir='ltr'>guerrarum</span> <span class='ocrx_word' id='word_1_121' title='bbox 1208 1134 1459 1175; x_wconf 90' lang='lat' dir='ltr'>discrimina</span> <span class='ocrx_word' id='word_1_122' title='bbox 1495 1134 1692 1176; x_wconf 88' lang='lat' dir='ltr'>suscitari</span> <span class='ocrx_word' id='word_1_123' title='bbox 1728 1149 1816 1189; x_wconf 90' lang='lat' dir='ltr'>que</span> 
     </span>
     <span class='ocr_line' id='line_1_16' title="bbox 157 1201 1814 1257; baseline 0.001 -15"><span class='ocrx_word' id='word_1_124' title='bbox 157 1201 193 1242; x_wconf 90' lang='lat' dir='ltr'>si</span> <span class='ocrx_word' id='word_1_125' title='bbox 215 1203 346 1242; x_wconf 90' lang='lat' dir='ltr'>finem</span> <span class='ocrx_word' id='word_1_126' title='bbox 369 1201 538 1243; x_wconf 90' lang='lat' dir='ltr'>felicem</span> <span class='ocrx_word' id='word_1_127' title='bbox 561 1203 749 1243; x_wconf 91' lang='lat' dir='ltr'>debeant</span> <span class='ocrx_word' id='word_1_128' title='bbox 771 1203 985 1257; x_wconf 86' lang='lat' dir='ltr'>optinere,</span> <span class='ocrx_word' id='word_1_129' title='bbox 1008 1203 1065 1244; x_wconf 88' lang='lat' dir='ltr'>ab</span> <span class='ocrx_word' id='word_1_130' title='bbox 1086 1202 1369 1243; x_wconf 90' lang='lat' dir='ltr'>ecclesiarum</span> <span class='ocrx_word' id='word_1_131' title='bbox 1398 1203 1553 1257; x_wconf 88' lang='lat' dir='ltr'>spoliis</span> <span class='ocrx_word' id='word_1_132' title='bbox 1584 1213 1629 1244; x_wconf 88' lang='lat' dir='ltr'>et</span> <span class='ocrx_word' id='word_1_133' title='bbox 1655 1203 1814 1257; x_wconf 90' lang='lat' dir='ltr'>depre-</span> 
     </span>
     <span class='ocr_line' id='line_1_17' title="bbox 156 1270 1817 1326; baseline 0.001 -16"><span class='ocrx_word' id='word_1_134' title='bbox 156 1270 412 1311; x_wconf 89' lang='lat' dir='ltr'>dacionibus</span> <span class='ocrx_word' id='word_1_135' title='bbox 458 1285 707 1325; x_wconf 89' lang='lat' dir='ltr'>pauperum</span> <span class='ocrx_word' id='word_1_136' title='bbox 750 1271 969 1325; x_wconf 86' lang='lat' dir='ltr'>injuriosis</span> <span class='ocrx_word' id='word_1_137' title='bbox 1009 1271 1219 1312; x_wconf 87' lang='lat' dir='ltr'>abstineri</span> <span class='ocrx_word' id='word_1_138' title='bbox 1270 1282 1313 1312; x_wconf 91' lang='lat' dir='ltr'>et</span> <span class='ocrx_word' id='word_1_139' title='bbox 1357 1271 1577 1326; x_wconf 88' lang='lat' dir='ltr'>justiciam</span> <span class='ocrx_word' id='word_1_140' title='bbox 1617 1271 1817 1313; x_wconf 86' lang='lat' dir='ltr'>exhiberi</span> 
     </span>
     <span class='ocr_line' id='line_1_18' title="bbox 158 1338 1817 1394; baseline 0.001 -15"><span class='ocrx_word' id='word_1_141' title='bbox 158 1338 341 1394; x_wconf 89' lang='lat' dir='ltr'>singulis</span> <span class='ocrx_word' id='word_1_142' title='bbox 371 1340 611 1393; x_wconf 90' lang='lat' dir='ltr'>oportebit.</span> <span class='ocrx_word' id='word_1_143' title='bbox 673 1340 804 1382; x_wconf 92' lang='lat' dir='ltr'>Unde</span> <span class='ocrx_word' id='word_1_144' title='bbox 833 1355 933 1381; x_wconf 90' lang='lat' dir='ltr'>cum</span> <span class='ocrx_word' id='word_1_145' title='bbox 961 1354 1053 1391; x_wconf 88' lang='lat' dir='ltr'>vos,</span> <span class='ocrx_word' id='word_1_146' title='bbox 1083 1340 1210 1381; x_wconf 90' lang='lat' dir='ltr'>sicuti</span> <span class='ocrx_word' id='word_1_147' title='bbox 1239 1351 1282 1381; x_wconf 90' lang='lat' dir='ltr'>et</span> <span class='ocrx_word' id='word_1_148' title='bbox 1311 1355 1406 1391; x_wconf 77' lang='lat' dir='ltr'>noS,</span> <span class='ocrx_word' id='word_1_149' title='bbox 1432 1341 1549 1382; x_wconf 89' lang='lat' dir='ltr'>zelus</span> <span class='ocrx_word' id='word_1_150' title='bbox 1575 1341 1743 1382; x_wconf 91' lang='lat' dir='ltr'>domini</span> <span class='ocrx_word' id='word_1_151' title='bbox 1774 1350 1817 1381; x_wconf 90' lang='lat' dir='ltr'>et</span> 
     </span>
     <span class='ocr_line' id='line_1_19' title="bbox 158 1408 1818 1465; baseline 0.001 -17"><span class='ocrx_word' id='word_1_152' title='bbox 158 1408 340 1449; x_wconf 91' lang='lat' dir='ltr'>ecclesie</span> <span class='ocrx_word' id='word_1_153' title='bbox 362 1418 449 1449; x_wconf 85' lang='lat' dir='ltr'>tam</span> <span class='ocrx_word' id='word_1_154' title='bbox 471 1410 629 1449; x_wconf 87' lang='lat' dir='ltr'>acerba</span> <span class='ocrx_word' id='word_1_155' title='bbox 646 1419 800 1465; x_wconf 88' lang='lat' dir='ltr'>tangat</span> <span class='ocrx_word' id='word_1_156' title='bbox 822 1409 1019 1459; x_wconf 88' lang='lat' dir='ltr'>affliccio,</span> <span class='ocrx_word' id='word_1_157' title='bbox 1035 1410 1355 1450; x_wconf 87' lang='lat' dir='ltr'>fraternitatem</span> <span class='ocrx_word' id='word_1_158' title='bbox 1377 1420 1566 1452; x_wconf 90' lang='lat' dir='ltr'>vestram</span> <span class='ocrx_word' id='word_1_159' title='bbox 1588 1424 1818 1451; x_wconf 90' lang='lat' dir='ltr'>monemus</span> 
     </span>
     <span class='ocr_line' id='line_1_20' title="bbox 157 1477 1818 1533; baseline 0 -16"><span class='ocrx_word' id='word_1_160' title='bbox 157 1487 200 1517; x_wconf 91' lang='lat' dir='ltr'>et</span> <span class='ocrx_word' id='word_1_161' title='bbox 233 1477 461 1518; x_wconf 90' lang='lat' dir='ltr'>hortamur</span> <span class='ocrx_word' id='word_1_162' title='bbox 492 1477 535 1518; x_wconf 91' lang='lat' dir='ltr'>in</span> <span class='ocrx_word' id='word_1_163' title='bbox 567 1478 750 1519; x_wconf 92' lang='lat' dir='ltr'>domino</span> <span class='ocrx_word' id='word_1_164' title='bbox 776 1477 882 1533; x_wconf 86' lang='lat' dir='ltr'>Jesu</span> <span class='ocrx_word' id='word_1_165' title='bbox 913 1478 1095 1519; x_wconf 89' lang='lat' dir='ltr'>Christo</span> <span class='ocrx_word' id='word_1_166' title='bbox 1125 1478 1344 1532; x_wconf 89' lang='lat' dir='ltr'>quatinus,</span> <span class='ocrx_word' id='word_1_167' title='bbox 1376 1478 1630 1519; x_wconf 90' lang='lat' dir='ltr'>hominibus</span> <span class='ocrx_word' id='word_1_168' title='bbox 1663 1487 1818 1520; x_wconf 87' lang='lat' dir='ltr'>contra</span> 
     </span>
     <span class='ocr_line' id='line_1_21' title="bbox 159 1545 1818 1601; baseline 0.001 -15"><span class='ocrx_word' id='word_1_169' title='bbox 159 1546 291 1586; x_wconf 93' lang='lat' dir='ltr'>deum</span> <span class='ocrx_word' id='word_1_170' title='bbox 307 1545 554 1587; x_wconf 92' lang='lat' dir='ltr'>nullatenus</span> <span class='ocrx_word' id='word_1_171' title='bbox 566 1546 843 1595; x_wconf 79' lang='lat' dir='ltr'>deferentes,1</span> <span class='ocrx_word' id='word_1_172' title='bbox 859 1546 1128 1601; x_wconf 88' lang='lat' dir='ltr'>impietatem</span> <span class='ocrx_word' id='word_1_173' title='bbox 1144 1561 1267 1588; x_wconf 91' lang='lat' dir='ltr'>suam</span> <span class='ocrx_word' id='word_1_174' title='bbox 1284 1547 1535 1601; x_wconf 89' lang='lat' dir='ltr'>hujusmodi</span> <span class='ocrx_word' id='word_1_175' title='bbox 1552 1547 1818 1588; x_wconf 88' lang='lat' dir='ltr'>annunciare</span> 
     </span>
     <span class='ocr_line' id='line_1_22' title="bbox 158 1615 1818 1670; baseline 0 -14"><span class='ocrx_word' id='word_1_176' title='bbox 158 1615 305 1669; x_wconf 86' lang='lat' dir='ltr'>impiis</span> <span class='ocrx_word' id='word_1_177' title='bbox 326 1625 471 1657; x_wconf 89' lang='lat' dir='ltr'>vestre</span> <span class='ocrx_word' id='word_1_178' title='bbox 498 1615 699 1667; x_wconf 77' lang='lat' dir='ltr'>diocesis,</span> <span class='ocrx_word' id='word_1_179' title='bbox 722 1616 757 1656; x_wconf 92' lang='lat' dir='ltr'>si</span> <span class='ocrx_word' id='word_1_180' title='bbox 785 1616 862 1670; x_wconf 88' lang='lat' dir='ltr'>qui</span> <span class='ocrx_word' id='word_1_181' title='bbox 890 1616 990 1666; x_wconf 92' lang='lat' dir='ltr'>sint,</span> <span class='ocrx_word' id='word_1_182' title='bbox 1011 1616 1166 1657; x_wconf 88' lang='lat' dir='ltr'>audaci</span> <span class='ocrx_word' id='word_1_183' title='bbox 1195 1615 1345 1657; x_wconf 92' lang='lat' dir='ltr'>animo</span> <span class='ocrx_word' id='word_1_184' title='bbox 1374 1616 1596 1666; x_wconf 88' lang='lat' dir='ltr'>studeatis,</span> <span class='ocrx_word' id='word_1_185' title='bbox 1627 1631 1681 1657; x_wconf 91' lang='lat' dir='ltr'>ne</span> <span class='ocrx_word' id='word_1_186' title='bbox 1706 1616 1743 1657; x_wconf 88' lang='lat' dir='ltr'>si</span> <span class='ocrx_word' id='word_1_187' title='bbox 1775 1617 1818 1657; x_wconf 93' lang='lat' dir='ltr'>in</span> 
     </span>
     <span class='ocr_line' id='line_1_23' title="bbox 160 1685 1818 1740; baseline 0.001 -15"><span class='ocrx_word' id='word_1_188' title='bbox 160 1685 384 1740; x_wconf 89' lang='lat' dir='ltr'>impietate</span> <span class='ocrx_word' id='word_1_189' title='bbox 411 1699 489 1726; x_wconf 89' lang='lat' dir='ltr'>sua</span> <span class='ocrx_word' id='word_1_190' title='bbox 516 1685 679 1727; x_wconf 90' lang='lat' dir='ltr'>mortui</span> <span class='ocrx_word' id='word_1_191' title='bbox 710 1685 872 1726; x_wconf 88' lang='lat' dir='ltr'>fuerint</span> <span class='ocrx_word' id='word_1_192' title='bbox 899 1686 955 1726; x_wconf 94' lang='lat' dir='ltr'>de</span> <span class='ocrx_word' id='word_1_193' title='bbox 983 1685 1139 1728; x_wconf 84' lang='lat' dir='ltr'>vestris</span> <span class='ocrx_word' id='word_1_194' title='bbox 1170 1696 1212 1727; x_wconf 90' lang='lat' dir='ltr'>et</span> <span class='ocrx_word' id='word_1_195' title='bbox 1244 1686 1391 1727; x_wconf 89' lang='lat' dir='ltr'>forsan</span> <span class='ocrx_word' id='word_1_196' title='bbox 1425 1686 1586 1727; x_wconf 84' lang='lat' dir='ltr'>nostris</span> <span class='ocrx_word' id='word_1_197' title='bbox 1617 1686 1818 1726; x_wconf 86' lang='lat' dir='ltr'>manibus</span> 
     </span>
     <span class='ocr_line' id='line_1_24' title="bbox 160 1754 1819 1808; baseline 0 -13"><span class='ocrx_word' id='word_1_198' title='bbox 160 1768 313 1795; x_wconf 90' lang='lat' dir='ltr'>eorum</span> <span class='ocrx_word' id='word_1_199' title='bbox 335 1755 479 1795; x_wconf 88' lang='lat' dir='ltr'>anime</span> <span class='ocrx_word' id='word_1_200' title='bbox 501 1754 782 1808; x_wconf 90' lang='lat' dir='ltr'>requirantur</span> <span class='ocrx_word' id='word_1_201' title='bbox 797 1770 806 1806; x_wconf 86' lang='lat'>;</span> <span class='ocrx_word' id='word_1_202' title='bbox 839 1765 1008 1796; x_wconf 89' lang='lat' dir='ltr'>vestros</span> <span class='ocrx_word' id='word_1_203' title='bbox 1035 1755 1172 1796; x_wconf 88' lang='lat' dir='ltr'>eciam</span> <span class='ocrx_word' id='word_1_204' title='bbox 1202 1755 1405 1796; x_wconf 90' lang='lat' dir='ltr'>subditos</span> <span class='ocrx_word' id='word_1_205' title='bbox 1431 1755 1819 1796; x_wconf 80' lang='lat' dir='ltr'>exhortacionibus</span> 
     </span>
     <span class='ocr_line' id='line_1_25' title="bbox 160 1823 1820 1878; baseline 0 -14"><span class='ocrx_word' id='word_1_206' title='bbox 160 1823 407 1864; x_wconf 89' lang='lat' dir='ltr'>efficacibus</span> <span class='ocrx_word' id='word_1_207' title='bbox 423 1824 623 1864; x_wconf 90' lang='lat' dir='ltr'>similiter</span> <span class='ocrx_word' id='word_1_208' title='bbox 640 1823 895 1864; x_wconf 90' lang='lat' dir='ltr'>inducentes</span> <span class='ocrx_word' id='word_1_209' title='bbox 912 1834 958 1864; x_wconf 92' lang='lat' dir='ltr'>ut</span> <span class='ocrx_word' id='word_1_210' title='bbox 972 1823 1177 1864; x_wconf 89' lang='lat' dir='ltr'>ecclesias</span> <span class='ocrx_word' id='word_1_211' title='bbox 1191 1824 1593 1877; x_wconf 89' lang='lat' dir='ltr'>ecclesiasticasque</span> <span class='ocrx_word' id='word_1_212' title='bbox 1607 1837 1820 1878; x_wconf 87' lang='lat' dir='ltr'>personas</span> 
     </span>
     <span class='ocr_line' id='line_1_26' title="bbox 162 1892 1819 1947; baseline 0.001 -15"><span class='ocrx_word' id='word_1_213' title='bbox 162 1892 262 1946; x_wconf 92' lang='lat' dir='ltr'>plus</span> <span class='ocrx_word' id='word_1_214' title='bbox 284 1892 415 1932; x_wconf 92' lang='lat' dir='ltr'>solito</span> <span class='ocrx_word' id='word_1_215' title='bbox 432 1892 623 1933; x_wconf 90' lang='lat' dir='ltr'>habeant</span> <span class='ocrx_word' id='word_1_216' title='bbox 645 1892 688 1932; x_wconf 92' lang='lat' dir='ltr'>in</span> <span class='ocrx_word' id='word_1_217' title='bbox 710 1892 880 1933; x_wconf 90' lang='lat' dir='ltr'>honore</span> <span class='ocrx_word' id='word_1_218' title='bbox 901 1902 943 1932; x_wconf 92' lang='lat' dir='ltr'>et</span> <span class='ocrx_word' id='word_1_219' title='bbox 959 1893 1014 1932; x_wconf 89' lang='lat' dir='ltr'>ab</span> <span class='ocrx_word' id='word_1_220' title='bbox 1030 1907 1184 1934; x_wconf 87' lang='lat' dir='ltr'>eorum</span> <span class='ocrx_word' id='word_1_221' title='bbox 1206 1892 1374 1947; x_wconf 83' lang='lat' dir='ltr'>injuriis</span> <span class='ocrx_word' id='word_1_222' title='bbox 1390 1892 1586 1934; x_wconf 90' lang='lat' dir='ltr'>colentes</span> <span class='ocrx_word' id='word_1_223' title='bbox 1601 1892 1819 1946; x_wconf 86' lang='lat' dir='ltr'>justiciam</span> 
     </span>
     <span class='ocr_line' id='line_1_27' title="bbox 161 1960 1821 2015; baseline 0 -13"><span class='ocrx_word' id='word_1_224' title='bbox 161 1961 344 2002; x_wconf 90' lang='lat' dir='ltr'>omnino</span> <span class='ocrx_word' id='word_1_225' title='bbox 376 1961 613 2011; x_wconf 87' lang='lat' dir='ltr'>desistant;</span> <span class='ocrx_word' id='word_1_226' title='bbox 652 1974 820 2002; x_wconf 86' lang='lat' dir='ltr'>necnon</span> <span class='ocrx_word' id='word_1_227' title='bbox 852 1975 937 2015; x_wconf 90' lang='lat' dir='ltr'>pro</span> <span class='ocrx_word' id='word_1_228' title='bbox 966 1960 1142 2014; x_wconf 89' lang='lat' dir='ltr'>juribus</span> <span class='ocrx_word' id='word_1_229' title='bbox 1177 1970 1221 2002; x_wconf 91' lang='lat' dir='ltr'>et</span> <span class='ocrx_word' id='word_1_230' title='bbox 1257 1961 1533 2002; x_wconf 89' lang='lat' dir='ltr'>libertatibus</span> <span class='ocrx_word' id='word_1_231' title='bbox 1565 1961 1746 2002; x_wconf 88' lang='lat' dir='ltr'>ecclesie</span> <span class='ocrx_word' id='word_1_232' title='bbox 1777 1971 1821 2002; x_wconf 92' lang='lat' dir='ltr'>et</span> 
     </span>
     <span class='ocr_line' id='line_1_28' title="bbox 163 2029 1820 2085; baseline 0.001 -15"><span class='ocrx_word' id='word_1_233' title='bbox 163 2030 289 2085; x_wconf 92' lang='lat' dir='ltr'>regni</span> <span class='ocrx_word' id='word_1_234' title='bbox 305 2044 387 2085; x_wconf 87' lang='lat' dir='ltr'>per</span> <span class='ocrx_word' id='word_1_235' title='bbox 404 2044 484 2071; x_wconf 88' lang='lat' dir='ltr'>nos</span> <span class='ocrx_word' id='word_1_236' title='bbox 501 2040 548 2071; x_wconf 93' lang='lat' dir='ltr'>ut</span> <span class='ocrx_word' id='word_1_237' title='bbox 569 2044 800 2084; x_wconf 89' lang='lat' dir='ltr'>speramus</span> <span class='ocrx_word' id='word_1_238' title='bbox 820 2029 986 2071; x_wconf 89' lang='lat' dir='ltr'>utiliter</span> <span class='ocrx_word' id='word_1_239' title='bbox 1007 2030 1209 2071; x_wconf 88' lang='lat' dir='ltr'>inchoata</span> <span class='ocrx_word' id='word_1_240' title='bbox 1231 2045 1329 2071; x_wconf 92' lang='lat' dir='ltr'>cum</span> <span class='ocrx_word' id='word_1_241' title='bbox 1353 2030 1424 2071; x_wconf 92' lang='lat' dir='ltr'>dei</span> <span class='ocrx_word' id='word_1_242' title='bbox 1445 2030 1666 2084; x_wconf 89' lang='lat' dir='ltr'>adjutorio</span> <span class='ocrx_word' id='word_1_243' title='bbox 1686 2045 1820 2072; x_wconf 90' lang='lat' dir='ltr'>manu</span> 
     </span>
     <span class='ocr_line' id='line_1_29' title="bbox 163 2099 1821 2154; baseline 0 -14"><span class='ocrx_word' id='word_1_244' title='bbox 163 2109 326 2149; x_wconf 90' lang='lat' dir='ltr'>tenere,</span> <span class='ocrx_word' id='word_1_245' title='bbox 349 2109 598 2154; x_wconf 84' lang='lat' dir='ltr'>protegere,</span> <span class='ocrx_word' id='word_1_246' title='bbox 621 2113 671 2139; x_wconf 92' lang='lat' dir='ltr'>ac</span> <span class='ocrx_word' id='word_1_247' title='bbox 699 2099 826 2149; x_wconf 88' lang='lat' dir='ltr'>tueri,</span> <span class='ocrx_word' id='word_1_248' title='bbox 847 2099 1062 2153; x_wconf 91' lang='lat' dir='ltr'>vobisque</span> <span class='ocrx_word' id='word_1_249' title='bbox 1092 2114 1174 2153; x_wconf 89' lang='lat' dir='ltr'>per</span> <span class='ocrx_word' id='word_1_250' title='bbox 1201 2113 1281 2140; x_wconf 91' lang='lat' dir='ltr'>nos</span> <span class='ocrx_word' id='word_1_251' title='bbox 1312 2099 1442 2140; x_wconf 87' lang='lat' dir='ltr'>missa</span> <span class='ocrx_word' id='word_1_252' title='bbox 1471 2110 1515 2140; x_wconf 92' lang='lat' dir='ltr'>et</span> <span class='ocrx_word' id='word_1_253' title='bbox 1545 2099 1821 2154; x_wconf 91' lang='lat' dir='ltr'>inposterum</span> 
     </span>
     <span class='ocr_line' id='line_1_30' title="bbox 163 2167 1822 2222; baseline -0.001 -13"><span class='ocrx_word' id='word_1_254' title='bbox 163 2168 477 2209; x_wconf 87' lang='lat' dir='ltr'>committenda</span> <span class='ocrx_word' id='word_1_255' title='bbox 497 2167 813 2209; x_wconf 82' lang='lat' dir='ltr'>execucionem</span> <span class='ocrx_word' id='word_1_256' title='bbox 834 2168 1148 2209; x_wconf 89' lang='lat' dir='ltr'>concernencia</span> <span class='ocrx_word' id='word_1_257' title='bbox 1177 2167 1495 2222; x_wconf 90' lang='lat' dir='ltr'>premissorum</span> <span class='ocrx_word' id='word_1_258' title='bbox 1527 2168 1822 2210; x_wconf 89' lang='lat' dir='ltr'>favorabiliter</span> 
     </span>
     <span class='ocr_line' id='line_1_31' title="bbox 164 2236 1823 2292; baseline 0.001 -15"><span class='ocrx_word' id='word_1_259' title='bbox 164 2238 375 2292; x_wconf 91' lang='lat' dir='ltr'>prosequi</span> <span class='ocrx_word' id='word_1_260' title='bbox 395 2247 440 2278; x_wconf 94' lang='lat' dir='ltr'>et</span> <span class='ocrx_word' id='word_1_261' title='bbox 472 2237 598 2278; x_wconf 92' lang='lat' dir='ltr'>nobis</span> <span class='ocrx_word' id='word_1_262' title='bbox 626 2237 827 2278; x_wconf 87' lang='lat' dir='ltr'>assistere</span> <span class='ocrx_word' id='word_1_263' title='bbox 857 2236 900 2277; x_wconf 92' lang='lat' dir='ltr'>in</span> <span class='ocrx_word' id='word_1_264' title='bbox 931 2237 1096 2278; x_wconf 90' lang='lat' dir='ltr'>eisdem</span> <span class='ocrx_word' id='word_1_265' title='bbox 1127 2236 1265 2278; x_wconf 89' lang='lat' dir='ltr'>solius</span> <span class='ocrx_word' id='word_1_266' title='bbox 1296 2237 1367 2277; x_wconf 93' lang='lat' dir='ltr'>dei</span> <span class='ocrx_word' id='word_1_267' title='bbox 1398 2237 1558 2278; x_wconf 91' lang='lat' dir='ltr'>intuitu</span> <span class='ocrx_word' id='word_1_268' title='bbox 1589 2237 1823 2292; x_wconf 84' lang='lat' dir='ltr'>vigilanter</span> 
     </span>
     <span class='ocr_line' id='line_1_32' title="bbox 165 2305 1823 2360; baseline 0 -13"><span class='ocrx_word' id='word_1_269' title='bbox 165 2306 338 2356; x_wconf 85' lang='lat' dir='ltr'>curetis,</span> <span class='ocrx_word' id='word_1_270' title='bbox 362 2316 410 2346; x_wconf 91' lang='lat' dir='ltr'>ut</span> <span class='ocrx_word' id='word_1_271' title='bbox 438 2306 522 2346; x_wconf 87' lang='lat' dir='ltr'>hiis</span> <span class='ocrx_word' id='word_1_272' title='bbox 552 2305 711 2347; x_wconf 87' lang='lat' dir='ltr'>nostris</span> <span class='ocrx_word' id='word_1_273' title='bbox 736 2306 943 2360; x_wconf 89' lang='lat' dir='ltr'>precibus</span> <span class='ocrx_word' id='word_1_274' title='bbox 973 2305 1089 2347; x_wconf 88' lang='lat' dir='ltr'>circa</span> <span class='ocrx_word' id='word_1_275' title='bbox 1119 2306 1334 2359; x_wconf 91' lang='lat' dir='ltr'>premissa</span> <span class='ocrx_word' id='word_1_276' title='bbox 1363 2320 1445 2360; x_wconf 91' lang='lat' dir='ltr'>per</span> <span class='ocrx_word' id='word_1_277' title='bbox 1474 2320 1555 2347; x_wconf 87' lang='lat' dir='ltr'>vos</span> <span class='ocrx_word' id='word_1_278' title='bbox 1585 2307 1823 2360; x_wconf 86' lang='lat' dir='ltr'>acceptatis</span> 
     </span>
     <span class='ocr_line' id='line_1_33' title="bbox 164 2374 1821 2430; baseline -0.001 -14"><span class='ocrx_word' id='word_1_279' title='bbox 164 2375 398 2430; x_wconf 91' lang='lat' dir='ltr'>benignius</span> <span class='ocrx_word' id='word_1_280' title='bbox 423 2383 468 2416; x_wconf 89' lang='lat' dir='ltr'>et</span> <span class='ocrx_word' id='word_1_281' title='bbox 497 2374 690 2429; x_wconf 84' lang='lat' dir='ltr'>expletis</span> <span class='ocrx_word' id='word_1_282' title='bbox 720 2374 928 2416; x_wconf 90' lang='lat' dir='ltr'>devocius</span> <span class='ocrx_word' id='word_1_283' title='bbox 959 2374 1154 2415; x_wconf 91' lang='lat' dir='ltr'>inclinati</span> <span class='ocrx_word' id='word_1_284' title='bbox 1184 2374 1309 2416; x_wconf 89' lang='lat' dir='ltr'>vobis</span> <span class='ocrx_word' id='word_1_285' title='bbox 1340 2374 1533 2415; x_wconf 86' lang='lat' dir='ltr'>reddatis</span> <span class='ocrx_word' id='word_1_286' title='bbox 1563 2374 1821 2428; x_wconf 85' lang='lat' dir='ltr'>placabilem</span> 
     </span>
     <span class='ocr_line' id='line_1_34' title="bbox 166 2442 1822 2499; baseline 0 -15"><span class='ocrx_word' id='word_1_287' title='bbox 166 2445 291 2499; x_wconf 91' lang='lat' dir='ltr'>pium</span> <span class='ocrx_word' id='word_1_288' title='bbox 313 2455 484 2499; x_wconf 89' lang='lat' dir='ltr'>patrem</span> <span class='ocrx_word' id='word_1_289' title='bbox 506 2455 550 2485; x_wconf 92' lang='lat' dir='ltr'>et</span> <span class='ocrx_word' id='word_1_290' title='bbox 571 2443 878 2485; x_wconf 90' lang='lat' dir='ltr'>retribucionis</span> <span class='ocrx_word' id='word_1_291' title='bbox 899 2443 1080 2484; x_wconf 89' lang='lat' dir='ltr'>ecclesie</span> <span class='ocrx_word' id='word_1_292' title='bbox 1102 2443 1349 2484; x_wconf 90' lang='lat' dir='ltr'>mercedem</span> <span class='ocrx_word' id='word_1_293' title='bbox 1371 2444 1428 2484; x_wconf 89' lang='lat' dir='ltr'>ab</span> <span class='ocrx_word' id='word_1_294' title='bbox 1450 2442 1550 2497; x_wconf 89' lang='lat' dir='ltr'>ipso</span> <span class='ocrx_word' id='word_1_295' title='bbox 1571 2443 1707 2498; x_wconf 90' lang='lat' dir='ltr'>digne</span> <span class='ocrx_word' id='word_1_296' title='bbox 1723 2458 1822 2498; x_wconf 91' lang='lat' dir='ltr'>per-</span> 
     </span>
     <span class='ocr_line' id='line_1_35' title="bbox 167 2511 1824 2569; baseline 0 -15"><span class='ocrx_word' id='word_1_297' title='bbox 167 2514 314 2569; x_wconf 90' lang='lat' dir='ltr'>cipere</span> <span class='ocrx_word' id='word_1_298' title='bbox 335 2513 528 2556; x_wconf 84' lang='lat' dir='ltr'>valeatis.</span> <span class='ocrx_word' id='word_1_299' title='bbox 592 2514 714 2554; x_wconf 90' lang='lat' dir='ltr'>Deus</span> <span class='ocrx_word' id='word_1_300' title='bbox 734 2526 813 2555; x_wconf 91' lang='lat' dir='ltr'>vos</span> <span class='ocrx_word' id='word_1_301' title='bbox 835 2512 996 2567; x_wconf 91' lang='lat' dir='ltr'>dirigat</span> <span class='ocrx_word' id='word_1_302' title='bbox 1018 2511 1061 2552; x_wconf 89' lang='lat' dir='ltr'>in</span> <span class='ocrx_word' id='word_1_303' title='bbox 1083 2512 1281 2567; x_wconf 88' lang='lat' dir='ltr'>agendis.</span> <span class='ocrx_word' id='word_1_304' title='bbox 1334 2512 1562 2567; x_wconf 87' lang='lat' dir='ltr'>Scriptum</span> <span class='ocrx_word' id='word_1_305' title='bbox 1587 2513 1824 2555; x_wconf 87' lang='lat' dir='ltr'>Cantuarie</span> 
     </span>
     <span class='ocr_line' id='line_1_36' title="bbox 166 2582 829 2637; baseline 0.003 -14"><span class='ocrx_word' id='word_1_306' title='bbox 166 2589 329 2625; x_wconf 75' lang='lat' dir='ltr'>xxx¹¹¹0.</span> <span class='ocrx_word' id='word_1_307' title='bbox 353 2583 422 2623; x_wconf 94' lang='lat' dir='ltr'>die</span> <span class='ocrx_word' id='word_1_308' title='bbox 445 2582 605 2624; x_wconf 84' lang='lat' dir='ltr'>mensis</span> <span class='ocrx_word' id='word_1_309' title='bbox 621 2582 829 2637; x_wconf 89' lang='lat' dir='ltr'>Januarii.</span> 
     </span>
    </p>
   </div>
   <div class='ocr_carea' id='block_1_4' title="bbox 167 2756 1826 3099">
    <p class='ocr_par' dir='ltr' id='par_1_4' title="bbox 167 2756 1665 2866">
     <span class='ocr_line' id='line_1_37' title="bbox 331 2756 1665 2810; baseline -0.001 -12"><span class='ocrx_word' id='word_1_310' title='bbox 331 2757 562 2799; x_wconf 75' lang='lat' dir='ltr'>Dz&#39;mz&#39;ssz&#39;o</span> <span class='ocrx_word' id='word_1_311' title='bbox 583 2762 626 2797; x_wconf 77' lang='lat' dir='ltr'>et</span> <span class='ocrx_word' id='word_1_312' title='bbox 644 2757 958 2810; x_wconf 70' lang='lat' dir='ltr'>acquietancz&#39;a</span> <span class='ocrx_word' id='word_1_313' title='bbox 980 2765 1120 2810; x_wconf 73' lang='lat' dir='ltr'>super</span> <span class='ocrx_word' id='word_1_314' title='bbox 1140 2756 1388 2808; x_wconf 74' lang='lat' dir='ltr'>defectibus</span> <span class='ocrx_word' id='word_1_315' title='bbox 1409 2757 1665 2797; x_wconf 68' lang='lat' dir='ltr'>domorum.</span> 
     </span>
     <span class='ocr_line' id='line_1_38' title="bbox 167 2830 315 2866; baseline -0.007 -7"><span class='ocrx_word' id='word_1_316' title='bbox 167 2830 245 2866; x_wconf 87' lang='lat' dir='ltr'>Jun.</span> <span class='ocrx_word' id='word_1_317' title='bbox 267 2837 315 2866; x_wconf 84' lang='lat'>15.</span> 
     </span>
    </p>

    <p class='ocr_par' dir='ltr' id='par_1_5' title="bbox 172 2878 1826 3099">
     <span class='ocr_line' id='line_1_39' title="bbox 266 2878 1825 2927; baseline -0.001 -12"><span class='ocrx_word' id='word_1_318' title='bbox 266 2883 424 2927; x_wconf 86' lang='lat' dir='ltr'>[Award‚</span> <span class='ocrx_word' id='word_1_319' title='bbox 452 2881 546 2915; x_wconf 82' lang='lat' dir='ltr'>after</span> <span class='ocrx_word' id='word_1_320' title='bbox 571 2880 778 2924; x_wconf 86' lang='lat' dir='ltr'>inquisition</span> <span class='ocrx_word' id='word_1_321' title='bbox 804 2880 851 2923; x_wconf 92' lang='lat' dir='ltr'>by</span> <span class='ocrx_word' id='word_1_322' title='bbox 876 2890 895 2912; x_wconf 86' lang='lat' dir='ltr'>a</span> <span class='ocrx_word' id='word_1_323' title='bbox 919 2878 1041 2912; x_wconf 82' lang='lat' dir='ltr'>mixed</span> <span class='ocrx_word' id='word_1_324' title='bbox 1064 2878 1148 2922; x_wconf 77' lang='lat' dir='ltr'>jury</span> <span class='ocrx_word' id='word_1_325' title='bbox 1176 2878 1218 2911; x_wconf 90' lang='lat' dir='ltr'>of</span> <span class='ocrx_word' id='word_1_326' title='bbox 1240 2878 1361 2922; x_wconf 76' lang='lat' dir='ltr'>clei-gy</span> <span class='ocrx_word' id='word_1_327' title='bbox 1387 2879 1457 2912; x_wconf 84' lang='lat' dir='ltr'>and</span> <span class='ocrx_word' id='word_1_328' title='bbox 1485 2879 1582 2922; x_wconf 75' lang='lat' dir='ltr'>laity,</span> <span class='ocrx_word' id='word_1_329' title='bbox 1610 2880 1656 2923; x_wconf 88' lang='lat' dir='ltr'>by</span> <span class='ocrx_word' id='word_1_330' title='bbox 1684 2880 1825 2914; x_wconf 79' lang='lat' dir='ltr'>Master</span> 
     </span>
     <span class='ocr_line' id='line_1_40' title="bbox 174 2936 1824 2982; baseline -0.001 -8"><span class='ocrx_word' id='word_1_331' title='bbox 174 2941 342 2974; x_wconf 84' lang='lat' dir='ltr'>Edmund</span> <span class='ocrx_word' id='word_1_332' title='bbox 355 2941 399 2973; x_wconf 87' lang='lat' dir='ltr'>de</span> <span class='ocrx_word' id='word_1_333' title='bbox 412 2939 579 2981; x_wconf 84' lang='lat' dir='ltr'>Berham,</span> <span class='ocrx_word' id='word_1_334' title='bbox 592 2937 987 2982; x_wconf 84' lang='lat' dir='ltr'>commissary-general</span> <span class='ocrx_word' id='word_1_335' title='bbox 999 2936 1111 2970; x_wconf 90' lang='lat' dir='ltr'>ofthe</span> <span class='ocrx_word' id='word_1_336' title='bbox 1124 2937 1264 2980; x_wconf 80' lang='lat' dir='ltr'>bish0p‚</span> <span class='ocrx_word' id='word_1_337' title='bbox 1278 2948 1314 2969; x_wconf 83' lang='lat' dir='ltr'>as</span> <span class='ocrx_word' id='word_1_338' title='bbox 1327 2942 1364 2970; x_wconf 78' lang='lat' dir='ltr'>to</span> <span class='ocrx_word' id='word_1_339' title='bbox 1376 2937 1436 2970; x_wconf 85' lang='lat' dir='ltr'>the</span> <span class='ocrx_word' id='word_1_340' title='bbox 1450 2937 1701 2981; x_wconf 84' lang='lat' dir='ltr'>dilapidations</span> <span class='ocrx_word' id='word_1_341' title='bbox 1713 2938 1824 2972; x_wconf 78' lang='lat' dir='ltr'>ofthe</span> 
     </span>
     <span class='ocr_line' id='line_1_41' title="bbox 172 2995 1825 3044; baseline -0.002 -11"><span class='ocrx_word' id='word_1_342' title='bbox 172 3004 318 3044; x_wconf 81' lang='lat' dir='ltr'>rectory</span> <span class='ocrx_word' id='word_1_343' title='bbox 337 2998 378 3032; x_wconf 88' lang='lat' dir='ltr'>of</span> <span class='ocrx_word' id='word_1_344' title='bbox 400 2997 590 3040; x_wconf 83' lang='lat' dir='ltr'>Kemsing,</span> <span class='ocrx_word' id='word_1_345' title='bbox 610 2997 696 3030; x_wconf 88' lang='lat' dir='ltr'>with</span> <span class='ocrx_word' id='word_1_346' title='bbox 717 2996 780 3030; x_wconf 87' lang='lat' dir='ltr'>the</span> <span class='ocrx_word' id='word_1_347' title='bbox 799 2996 925 3039; x_wconf 82' lang='lat' dir='ltr'>chapcl</span> <span class='ocrx_word' id='word_1_348' title='bbox 945 2996 986 3029; x_wconf 94' lang='lat' dir='ltr'>of</span> <span class='ocrx_word' id='word_1_349' title='bbox 1007 2995 1101 3038; x_wconf 84' lang='lat' dir='ltr'>Seal,</span> <span class='ocrx_word' id='word_1_350' title='bbox 1120 2995 1273 3028; x_wconf 84' lang='lat' dir='ltr'>claimed</span> <span class='ocrx_word' id='word_1_351' title='bbox 1297 2995 1344 3038; x_wconf 94' lang='lat' dir='ltr'>by</span> <span class='ocrx_word' id='word_1_352' title='bbox 1365 2995 1527 3028; x_wconf 82' lang='lat' dir='ltr'>Thomas</span> <span class='ocrx_word' id='word_1_353' title='bbox 1552 2995 1597 3028; x_wconf 88' lang='lat' dir='ltr'>de</span> <span class='ocrx_word' id='word_1_354' title='bbox 1622 2996 1744 3039; x_wconf 83' lang='lat' dir='ltr'>Hope,</span> <span class='ocrx_word' id='word_1_355' title='bbox 1762 2997 1825 3029; x_wconf 85' lang='lat' dir='ltr'>the</span> 
     </span>
     <span class='ocr_line' id='line_1_42' title="bbox 173 3052 1826 3099; baseline -0.002 -9"><span class='ocrx_word' id='word_1_356' title='bbox 173 3062 305 3099; x_wconf 81' lang='lat' dir='ltr'>rector,</span> <span class='ocrx_word' id='word_1_357' title='bbox 326 3057 418 3090; x_wconf 84' lang='lat' dir='ltr'>from</span> <span class='ocrx_word' id='word_1_358' title='bbox 438 3056 499 3089; x_wconf 88' lang='lat' dir='ltr'>the</span> <span class='ocrx_word' id='word_1_359' title='bbox 519 3059 713 3089; x_wconf 79' lang='lat' dir='ltr'>executors</span> <span class='ocrx_word' id='word_1_360' title='bbox 732 3054 773 3088; x_wconf 91' lang='lat' dir='ltr'>of</span> <span class='ocrx_word' id='word_1_361' title='bbox 787 3054 840 3087; x_wconf 86' lang='lat' dir='ltr'>his</span> <span class='ocrx_word' id='word_1_362' title='bbox 861 3054 1100 3098; x_wconf 75' lang='lat' dir='ltr'>predecessor</span> <span class='ocrx_word' id='word_1_363' title='bbox 1118 3052 1263 3085; x_wconf 83' lang='lat' dir='ltr'>Gilbert</span> <span class='ocrx_word' id='word_1_364' title='bbox 1282 3053 1327 3086; x_wconf 87' lang='lat' dir='ltr'>de</span> <span class='ocrx_word' id='word_1_365' title='bbox 1348 3052 1569 3086; x_wconf 78' lang='lat' dir='ltr'>Keleshulle.</span> <span class='ocrx_word' id='word_1_366' title='bbox 1612 3054 1660 3086; x_wconf 86' lang='lat' dir='ltr'>As</span> <span class='ocrx_word' id='word_1_367' title='bbox 1679 3054 1826 3087; x_wconf 84' lang='lat' dir='ltr'>Gilbert</span> 
     </span>
    </p>
   </div>
   <div class='ocr_carea' id='block_1_5' title="bbox 785 3115 1715 3125">
    <p class='ocr_par' dir='ltr' id='par_1_6' title="bbox 785 3115 1715 3125">
     <span class='ocr_line' id='line_1_43' title="bbox 785 3115 1715 3125; baseline 0 0"><span class='ocrx_word' id='word_1_368' title='bbox 785 3115 1715 3125; x_wconf 95' lang='lat' dir='ltr'> </span> 
     </span>
    </p>
   </div>
   <div class='ocr_carea' id='block_1_6' title="bbox 824 3145 1164 3176">
    <p class='ocr_par' dir='ltr' id='par_1_7' title="bbox 824 3145 1164 3176">
     <span class='ocr_line' id='line_1_44' title="bbox 824 3145 1164 3176; baseline 0.003 -1"><span class='ocrx_word' id='word_1_369' title='bbox 824 3145 832 3162; x_wconf 91' lang='lat'><strong>¹</strong></span> <span class='ocrx_word' id='word_1_370' title='bbox 857 3145 933 3176; x_wconf 79' lang='lat' dir='ltr'>MS.</span> <span class='ocrx_word' id='word_1_371' title='bbox 952 3146 1164 3176; x_wconf 86' lang='lat' dir='ltr'>deserentes.</span> 
     </span>
    </p>
   </div>
  </div>
 </body>
</html>
