1925 3451
91 201 188 231 A.D.
216 183 361 247 1342]
667 183 900 245 Episcopi
936 182 1172 244 Roſjsensz's
1665 187 1745 235 699

181 316 221 358 C
219 317 569 367 erlficatom'nm
592 319 647 357 de
669 317 930 357 nominibus
949 318 1235 357 colleclomtm
1258 317 1427 356 decime
1437 316 1658 368 predica).

94 385 177 416 Dec.
200 396 212 415 1
242 409 249 415 .

188 394 288 481 [lqhe
307 437 432 480 bishop
451 437 594 470 notities
612 437 674 470 the
693 443 876 470 treasurer
893 438 964 470 and
986 438 1120 470 barons
1143 437 1184 470 of
1207 436 1269 469 the
1295 436 1503 480 exchequer
1522 436 1600 469 that
1619 436 1663 468 he
1683 435 1745 468 has

91 495 289 539 appointed
308 495 370 528 the
390 495 487 538 prior
506 495 576 528 and
595 495 747 538 chapter
765 494 985 539 collectors]

208 562 440 604 Nobilibus
488 578 539 604 ac
591 564 789 604 discretis
840 564 945 605 viris
996 563 1267 604 thesaurario
1318 573 1362 603 et
1406 562 1645 603 baronibus
1689 562 1744 602 de

94 632 325 674 Scaccario
360 632 712 673 excellentissimi
749 632 962 686 principis
998 643 1040 674 et
1076 632 1242 672 domini
1280 631 1416 673 nostri
1452 630 1619 672 domini
1656 630 1744 670 Ed-

91 701 228 743 Wardi
275 701 344 741 dei
386 701 538 756 gracia
582 701 698 755 regis
742 701 908 755 Anglie
956 712 998 742 et
1041 701 1224 742 Francie
1265 700 1443 741 illustris
1487 711 1528 740 et
1576 699 1744 740 domini

92 769 318 819 Hibernie,
361 770 493 810 frater
535 771 683 810 Hamo
718 770 1007 823 permissione
1049 770 1194 811 divina
1228 769 1449 810 Roffensis
1493 768 1745 823 episcopm,

93 838 310 879 salutem1
350 838 392 878 in
427 838 624 879 omnium
662 838 891 880 salvatore.
957 839 1095 880 Breve
1127 838 1293 879 domini
1332 837 1466 878 nostri
1500 837 1617 892 regis
1645 851 1742 890 pre-

92 907 195 948 dicti
243 907 492 960 recepimus
541 908 583 947 in
632 907 712 947 hec
756 908 1221 957 verba3—-Edwardus
1268 907 1338 947 dei
1378 906 1527 961 gracia
1572 915 1650 946 etc.
1696 915 1744 945 ut

91 990 236 1030 supra.
287 976 426 1031 Cujus
446 976 704 1017 auctoritate
726 976 870 1016 brevis
892 977 1002 1030 regii
1024 976 1219 1030 priorem
1236 987 1278 1016 et
1300 975 1541 1029 capitulum
1564 974 1744 1015 ecclesie

92 1057 238 1087 nostre
267 1045 525 1086 cathedralis
558 1045 780 1085 Roffensis
801 1046 856 1086 ad
879 1045 1178 1099 colligendum
1207 1055 1249 1085 et
1278 1045 1510 1085 levandum
1540 1043 1745 1084 denarios

91 1114 147 1154 de
187 1114 301 1155 dicta
342 1114 511 1154 decima
546 1114 691 1155 annali
734 1114 776 1154 in
818 1115 980 1155 diocesi
1016 1124 1163 1155 nostra
1196 1113 1393 1154 Roffensi
1434 1128 1484 1153 ac
1520 1115 1657 1153 eciam
1698 1112 1742 1151 in

91 1183 305 1224 decanatu
327 1183 382 1223 de
405 1182 589 1223 lselham
613 1194 761 1223 nostre
781 1183 1106 1237 jurisdiccionis
1134 1182 1385 1223 immediate
1412 1182 1746 1236 assignavimus,

91 1262 224 1305 prout
245 1252 287 1292 in
309 1251 524 1292 similibus
546 1251 639 1292 fieri
662 1252 904 1302 consuevit,
925 1251 1210 1305 ejusdemque
1242 1251 1411 1292 decime
1436 1250 1744 1304 deputavimus

91 1320 350 1362 collectores
372 1321 615 1361 secundum
638 1321 822 1361 formam
851 1321 994 1362 brevis
1023 1321 1241 1362 antedicti.
1304 1321 1368 1360 Ita
1395 1321 1517 1374 quod
1542 1319 1744 1360 denarios

92 1389 147 1430 de
178 1389 295 1430 dicta
325 1389 495 1430 decima
526 1389 837 1443 provenientes
873 1390 930 1430 ad
961 1390 1168 1431 terminos
1199 1389 1422 1443 predictos
1453 1388 1521 1430 vel
1549 1388 1604 1429 ad
1634 1388 1743 1428 alios

92 1458 313 1499 breviores
349 1458 574 1507 terminos,
608 1458 642 1497 si
676 1457 817 1499 clerus
851 1458 966 1499 dicte
1004 1468 1152 1499 nostre
1185 1458 1369 1499 diocesis
1402 1457 1612 1498 terminos
1648 1456 1744 1497 illos

92 1527 331 1580 anticipare
372 1527 648 1577 concesserit,
690 1527 870 1567 domino
909 1538 1062 1568 nostro
1102 1528 1196 1581 regi
1234 1527 1434 1581 predicto
1478 1525 1746 1580 persolvant.

93 1596 398 1637 Mandavimus
430 1596 567 1636 eciam
599 1596 779 1650 prefatis
812 1596 870 1637 sic
903 1596 1135 1650 assignatis
1168 1596 1288 1650 quod
1311 1609 1391 1636 vos
1419 1596 1474 1635 de
1498 1594 1746 1635 nominibus

92 1664 269 1705 illorum
291 1666 367 1718 qui
389 1676 490 1705 ante
512 1665 723 1706 terminos
743 1676 930 1706 statutos
954 1665 1167 1706 decimam
1190 1664 1435 1719 predictam
1456 1664 1516 1705 sic
1535 1664 1744 1704 solverint

92 1734 343 1784 certificent,
375 1745 419 1775 et
449 1733 660 1774 decimam
695 1734 754 1774 sic
788 1745 1009 1788 receptam
1041 1734 1168 1775 vobis
1201 1734 1375 1774 mittant
1402 1732 1590 1773 indilate.
1651 1733 1745 1773 Vos

91 1814 320 1843 conservet
361 1802 595 1843 altissimus
635 1802 709 1842 diu
751 1816 992 1856 prosperos
1033 1813 1075 1843 et
1118 1803 1274 1843 felices.
1350 1802 1577 1855 Scriptum
1623 1802 1742 1854 apud

93 1871 305 1926 Hallyng'
338 1871 459 1925 xviij.
495 1871 717 1912 Kalendas
753 1871 962 1927 Januarii,
997 1886 1113 1913 anno
1145 1871 1312 1912 domini
1344 1870 1576 1911 millesimo
1608 1876 1744 1911 ccc¹¹¹'¹.

92 1941 432 1995 quadragesimo
455 1940 661 1981 secundo.

632 2102 730 2140 Pro
752 2102 957 2141 oratorio
977 2100 1193 2141 habendo.

92 2170 154 2200 s.d.

188 2223 363 2267 [Licence
389 2225 519 2266 during
544 2224 717 2267 pleamre,
738 2224 794 2257 for
814 2229 877 2257 not
896 2235 997 2257 more
1018 2224 1104 2257 than
1123 2228 1197 2256 two
1224 2234 1338 2267 years,
1360 2228 1397 2255 to
1416 2222 1513 2266 John
1537 2227 1593 2255 ate
1615 2222 1745 2254 Celere

92 2282 131 2315 of
149 2283 373 2315 Wouldharn
392 2288 431 2315 to
449 2283 537 2315 have
556 2294 599 2315 an
619 2287 764 2326 oratory
784 2283 818 2315 in
845 2283 897 2315 his
920 2282 1045 2324 house,
1065 2282 1182 2315 which
1208 2282 1235 2314 is
1259 2282 1393 2314 distant
1418 2281 1512 2313 from
1538 2280 1600 2313 the
1627 2280 1745 2323 parish

92 2340 240 2382 church‚
259 2341 327 2373 and
347 2352 366 2373 a
384 2342 494 2384 priest
513 2345 552 2373 to
571 2341 754 2374 celebrate
774 2340 894 2385 mass.]

211 2410 366 2450 Frater
400 2410 546 2450 Hamo
578 2410 866 2463 permissione
896 2410 1044 2450 divina
1076 2410 1295 2450 Roffensis
1324 2409 1558 2462 episcopus
1587 2408 1746 2449 dilecto

94 2478 184 2519 filio
201 2478 390 2534 Johanni
414 2488 483 2518 ate
506 2478 660 2519 Celere
683 2480 737 2519 de
761 2479 970 2532 parochia
998 2480 1053 2519 de
1076 2479 1356 2527 Woldeham,
1379 2489 1523 2517 nostre
1545 2477 1747 2527 diocesis,

93 2547 513 2601 salutem,graciam,
535 2557 577 2587 et
591 2547 961 2590 benediccionem.
1006 2547 1308 2589 Devocionem
1331 2558 1451 2587 tuam
1469 2546 1747 2596 laudabilem,

94 2631 227 2670 quarn
264 2615 307 2656 in
343 2616 573 2656 audiendis
605 2616 764 2657 divinis
796 2617 948 2658 officiis
990 2617 1152 2657 habere
1188 2616 1439 2665 dinosceris,
1476 2626 1519 2655 et
1559 2615 1745 2655 localem

93 2685 348 2725 distanciam
380 2684 560 2725 ecclesie
593 2685 858 2738 parochialis
889 2685 1085 2739 predicte
1107 2700 1131 2725 a
1154 2698 1306 2725 manso
1337 2694 1414 2724 tuo
1446 2684 1558 2724 infra
1581 2684 1743 2724 dictam

92 2753 347 2807 parochiam
378 2753 540 2793 situato
572 2767 663 2806 quo
694 2753 827 2794 larem
861 2755 1066 2794 continue
1097 2755 1244 2795 fovere
1266 2753 1422 2793 diceris
1442 2753 1747 2802 attendentes3

93 2821 179 2863 tuis
211 2822 381 2863 devotis
412 2821 810 2875 supplicationibus
842 2822 1141 2863 favorabiliter
1171 2821 1376 2871 inclinati,
1409 2831 1457 2860 ut
1484 2820 1527 2860 in
1551 2820 1745 2861 oratorio

94 2891 231 2931 mansi
268 2891 330 2930 tui
367 2890 554 2944 predicti
597 2891 804 2931 decenter
840 2901 1075 2944 preparato
1113 2891 1288 2930 missam
1321 2905 1403 2943 per
1434 2903 1743 2944 quemcunque

93 2957 402 3011 presbyterum
444 2957 665 3010 ydoneum
707 2957 916 3010 quociens
958 2956 1280 2997 racionabiliter
1321 2955 1561 3009 indigueris
1602 2957 1744 2996 facere

94 3024 240 3066 valeas
276 3025 501 3074 celebrari,
530 3026 634 3064 dum
661 3035 806 3065 tamen
831 3025 873 3064 in
896 3025 1186 3079 prejudicium
1218 3038 1304 3064 non
1330 3025 1455 3064 cedat
1480 3023 1744 3077 parochialis

400 3160 410 3179 ¹
435 3171 510 3191 cum
529 3161 770 3191 benediccione
789 3161 908 3190 dextre
927 3161 979 3190 dei
998 3160 1207 3198 underlz'ncdj
1216 3161 1255 3190 br
1268 3161 1435 3190 01111'531'011.
