1925 3451
86 210 180 240 A.D.
216 190 360 255 1340]
652 190 886 254 Episcopi
916 188 1157 251 Rcffinsz's
1659 190 1736 238 667

86 324 292 367 vicariam
313 324 493 365 ecclesie
515 325 569 364 de
591 323 827 379 Eylesford
849 323 963 364 dicte
985 337 1062 362 sue
1084 321 1306 362 Roffensis
1322 318 1520 369 diocesis,
1533 319 1588 358 ad
1605 332 1738 371 quam

87 393 225 448 ipsius
255 393 393 448 patris
424 406 641 434 consensu
672 407 808 446 super
836 392 921 432 hoc
952 389 1215 445 prehabitol
1247 402 1328 443 per
1359 386 1590 442 religiosos
1621 387 1740 428 viros

88 461 351 516 magistrum
368 475 445 501 seu
460 461 710 503 iconomum
728 471 770 501 et
785 460 940 501 fratres
958 458 1188 513 hospitalis
1203 458 1331 498 beate
1348 455 1487 496 Marie
1501 456 1557 495 de
1573 454 1738 502 Strod,1

88 531 309 572 Roffensis
331 530 530 580 diocesis,
552 544 681 571 veros
704 529 840 583 ipsius
861 528 1020 570 vicarie
1038 528 1051 550 1
1070 526 1251 567 ecclesie
1268 526 1322 566 de
1340 523 1575 578 Eylesford
1590 533 1740 578 patro·

91 613 182 650 nos,
204 599 345 640 eidem
367 599 549 639 domino
571 598 770 639 Roffensi
792 597 940 637 extitit
962 605 1257 651 presentatus,
1280 593 1457 634 admisit
1482 604 1525 633 et
1551 592 1741 633 eundem

89 683 148 709 ex
181 682 311 708 causa
347 667 692 721 permutacionis
732 666 931 721 predicte
971 675 1237 719 perpetuum
1278 662 1490 704 vicarium
1531 660 1742 701 canonice

90 736 276 777 instituit
298 735 341 776 in
362 736 531 785 eadem,
553 735 890 790 predictumque
923 733 1153 775 dominum
1178 731 1418 773 Ricardum
1451 730 1506 770 ad
1536 729 1741 770 vicariam

90 804 271 846 ecclesie
293 806 349 846 de
373 804 588 845 Merdenn
611 803 940 844 Cantuariensis
962 801 1148 843 diocesis
1169 801 1225 841 ad
1246 815 1378 854 quam
1404 814 1485 853 per
1510 798 1743 852 religiosos

90 873 210 916 viros
231 874 434 914 abbatem
457 884 501 914 et
523 883 789 914 conventum
811 870 1063 912 monasterii
1085 870 1140 910 de
1162 870 1372 923 Lyesnes,
1396 867 1616 908 Roffensis
1647 866 1741 907 dio-

91 942 212 992 cesis,
236 956 365 984 veros
385 941 522 996 ipsius
542 941 701 983 vicarie
725 941 779 981 de
801 940 1016 981 Merdenn
1039 950 1266 993 patronos,
1288 953 1348 978 ex
1371 950 1502 978 causa
1522 945 1744 990 permuta-

92 1011 228 1053 cionis
256 1011 452 1065 predicte
481 1009 627 1051 extitit
652 1019 944 1063 presentatus,
969 1007 1145 1049 admisit
1171 1017 1214 1048 et
1241 1005 1452 1048 vicarium
1479 1014 1743 1059 perpetuum

93 1095 152 1121 ex
173 1079 312 1120 causis
334 1079 560 1133 premissis
580 1078 768 1119 instituit
788 1078 831 1118 in
852 1077 1022 1130 eadem,
1043 1086 1222 1130 recepto
1240 1076 1295 1116 ab
1312 1075 1468 1115 eodem
1482 1073 1686 1129 Johanne
1702 1081 1746 1112 et

92 1149 263 1203 prefato
284 1148 477 1189 Ricardo
498 1147 733 1201 separatim
748 1147 1004 1201 juramento
1031 1145 1087 1185 ad
1118 1154 1270 1185 sancta
1294 1143 1364 1184 dei
1392 1141 1624 1196 evangelia
1650 1155 1745 1182 cor-

94 1216 235 1271 porali
258 1217 444 1271 prestito
466 1226 570 1257 tunc
590 1216 769 1264 ibidem,
791 1216 911 1268 quod
933 1214 1049 1255 idem
1071 1213 1294 1268 Johannes
1323 1213 1366 1252 in
1394 1211 1554 1253 vicaria
1583 1224 1663 1251 sua
1691 1210 1746 1249 de

95 1285 471 1340 Eylesfordjuxta
484 1286 670 1326 formam
685 1283 1018 1325 constitucionis
1034 1282 1214 1324 Ottonis
1230 1292 1272 1322 et
1289 1280 1505 1322 Ottoboni
1520 1279 1746 1332 quondam

95 1355 211 1395 sedis
239 1354 480 1408 apostolice
509 1353 553 1393 in
580 1352 745 1407 Anglia
765 1352 1012 1406 legatorum
1034 1351 1077 1391 in
1100 1351 1182 1391 hae
1210 1360 1336 1404 parte
1362 1349 1480 1389 edite
1496 1348 1511 1371 2
1536 1361 1746 1402 persona-

94 1423 193 1464 liter
225 1422 445 1473 residebit,
478 1422 584 1463 item
617 1423 739 1475 quod
776 1421 975 1475 prefatus
1017 1419 1234 1460 Ricardus
1269 1419 1313 1459 in
1345 1418 1506 1458 vicaria
1542 1417 1598 1457 de
1632 1416 1746 1456 Mer-

95 1492 211 1532 denn
241 1492 442 1546 predicta
473 1492 606 1532 modo
642 1489 860 1531 consimili
895 1488 1102 1530 residebit
1121 1502 1128 1538 ;
1165 1498 1207 1528 et
1239 1487 1359 1542 jurat
1390 1487 1506 1527 idem
1544 1484 1748 1526 dominus

91 1560 314 1616 Johannes
336 1560 522 1602 vicarius
544 1561 598 1601 de
620 1559 859 1613 Eylesford
881 1560 1137 1599 canonicam
1163 1555 1466 1598 obedienciam
1495 1553 1676 1595 domino
1704 1563 1748 1593 et

96 1629 185 1670 suis
214 1629 421 1670 ministris
446 1629 489 1669 in
511 1628 732 1669 canonicis
754 1638 797 1668 et
818 1626 947 1668 licitis
973 1626 1215 1667 mandatis:
1246 1623 1460 1666 canonica
1491 1621 1750 1664 obediencia

97 1708 140 1739 et
161 1698 421 1739 induccione
442 1697 547 1738 dicti
561 1696 728 1738 domini
745 1695 923 1737 Ricardi
939 1695 981 1735 in
999 1693 1276 1748 corporalem
1289 1692 1613 1748 possessionem
1634 1690 1749 1731 dicte

96 1766 256 1808 vicarie
277 1767 332 1807 de
355 1766 590 1821 Eylesford
608 1766 623 1788 3
646 1765 845 1819 predicto
867 1764 1051 1805 domino
1082 1762 1389 1804 Cantuariensi
1416 1760 1750 1814 archiepiscopo

97 1835 345 1890 specialiter
366 1835 609 1876 reservatis.

813 2031 857 2071 T
854 2044 1044 2071 onsecra.

101 2102 186 2132 Nov.
206 2102 258 2132 26.

195 2156 380 2201 [Tonsure
397 2155 439 2188 of
452 2166 472 2188 a
489 2154 616 2198 clerk.]

216 2225 285 2279 Vj.
306 2223 528 2265 Kalendas
546 2222 802 2264 Decembris
823 2236 941 2263 anno
963 2221 1132 2264 domini
1154 2220 1388 2261 millesimo
1410 2224 1545 2260 ccc¹¹¹⁰.
1569 2217 1754 2271 quadra-

101 2294 272 2349 gesimo
315 2293 358 2333 in
399 2291 570 2345 capella
610 2292 666 2331 de
715 2291 1006 2332 Trottesclive
1050 2290 1271 2331 Roffensis
1319 2287 1506 2329 diocesis
1550 2286 1755 2326 dominus

102 2362 323 2404 ordinavit
345 2362 400 2402 ad
426 2361 616 2414 primam
647 2370 877 2401 tonsuram
910 2358 1155 2401 clericalem
1189 2357 1459 2399 Willelmum
1495 2355 1630 2396 filium
1665 2354 1752 2394 Ra-

101 2431 258 2486 dulphi
281 2428 523 2472 Mareschal
544 2429 599 2469 de
620 2429 764 2469 Roffa.

104 2545 187 2575 Dec.
205 2556 234 2575 2.

199 2600 281 2632 The
307 2598 436 2641 bishop
461 2607 549 2639 gave
578 2596 654 2630 first
681 2602 831 2630 tonsure
863 2600 904 2630 to
932 2595 1015 2629 four
1045 2595 1163 2629 clerks
1195 2594 1336 2640 [names
1367 2594 1400 2626 in
1438 2591 1586 2635 digest].
1638 2590 1753 2623 Stone

103 2658 256 2692 church.
308 2667 371 2700 111J.
391 2655 489 2690 Non.
505 2655 597 2688 Dec.

108 2769 200 2799 1341.

103 2815 181 2852 Jan.
199 2815 252 2845 26.

200 2867 384 2902 Collation
408 2867 450 2900 of
480 2865 639 2898 Richard
669 2864 765 2906 Rolf,
789 2867 829 2898 of
857 2865 1010 2898 Hamo's
1037 2864 1250 2905 houschold‚
1269 2868 1309 2896 to
1335 2863 1397 2896 the
1423 2861 1607 2905 serjeanty
1634 2861 1669 2893 in
1693 2858 1755 2891 the

105 2924 235 2968 tailory
254 2923 296 2956 of
320 2923 526 2956 Rochester
553 2921 692 2964 Priory,
711 2920 829 2954 which
851 2921 981 2964 Henry
1000 2920 1045 2953 de
1065 2920 1207 2953 Aldone
1226 2919 1324 2961 held,
1345 2917 1432 2950 with
1455 2916 1624 2949 mandate
1643 2914 1686 2948 of
1705 2915 1755 2946 in-

107 2983 257 3016 duction
292 2985 331 3015 to
367 2981 427 3016 ΒΓ.
467 2979 625 3013 Richard
660 2979 705 3011 de
739 2978 989 3022 Tonebregg',
1020 2977 1267 3011 chamberlain
1302 2976 1342 3010 of
1378 2975 1583 3008 Rochester
1617 2973 1759 3016 Priory‚

108 3039 367 3081 Trottesclive,
385 3039 442 3073 vii.
463 3038 543 3072 Kal.
565 3036 654 3071 Feb.

195 3159 207 3179 ¹
232 3158 417 3191 Jnterlined.
723 3154 735 3173 ²
761 3154 840 3184 MS.
861 3154 960 3185 edita.
1265 3152 1277 3171 ³
1304 3151 1477 3191 Errorsor
1493 3152 1668 3182 Merdenn.
