1925 3451
109 197 204 227 A.D.
242 179 386 243 1340]
680 180 912 243 Episcopi
941 181 1183 242 Roffbnsis
1679 187 1758 237 665

111 311 238 352 nobis
254 311 479 367 Johannes
499 312 640 354 dictus
668 313 951 354 Marescallus
982 313 1037 353 de
1070 314 1320 364 Derteford,
1353 313 1583 368 presbiter,
1614 325 1759 356 vestre

110 379 308 431 diocesiS,
340 380 455 422 lator
486 381 778 435 presencium,
809 382 1030 436 peticione
1068 382 1329 424 monstravit
1365 384 1488 436 quod
1529 398 1627 423 cum
1664 383 1759 437 ipse

108 448 214 489 olim
236 450 291 489 ad
313 460 461 503 partes
484 450 788 491 ultramarinas
809 465 856 491 se
876 450 1167 492 transtulisset
1188 461 1232 492 et
1253 451 1416 491 ibidem
1433 465 1515 504 per
1527 466 1607 492 sex
1620 466 1758 493 annos

107 517 341 559 continuos
382 518 667 559 residenciam
710 519 989 573 personalem
1032 520 1215 571 fecisset,
1255 521 1311 560 ad
1354 520 1528 560 titulum
1577 520 1758 561 ecclesie

109 586 246 627 sancti
282 587 484 640 Gregorii
521 587 563 627 in
601 588 723 638 urbe,
755 589 937 628 credens
973 588 1053 628 sibi
1090 587 1220 629 licere
1250 603 1349 629 cum
1384 588 1559 630 titulum
1590 588 1758 642 justum

109 654 289 696 haberet
310 666 354 696 et
376 656 662 697 residenciam
687 657 963 710 personalem
995 656 1157 697 ibidem
1188 671 1270 711 per
1299 672 1382 698 sex
1411 671 1550 699 annos
1581 668 1628 698 ut
1660 672 1757 712 pre-

107 723 245 764 fertur
265 724 451 774 fecisset,
473 739 554 779 per
575 725 782 766 vicarium
804 725 972 765 domini
996 725 1218 766 Benedicti
1240 740 1358 781 pape
1378 726 1454 780 xij.
1473 726 1637 767 ibidem
1655 736 1758 767 tunc

107 792 367 834 existentem
401 794 456 834 ad
490 794 831 835 subdiaconatus
864 805 907 834 et
943 808 1025 848 per
1055 795 1317 848 episcopum
1347 795 1671 836 Viterbiensem
1701 795 1757 835 ad

107 860 377 912 diaconatus,
396 864 679 916 postmodum
698 876 804 903 vero
826 877 907 916 per
931 863 1192 918 episcopum
1212 863 1442 905 Sutrinum
1463 864 1518 904 ad
1541 863 1757 918 presbite—

108 940 228 971 ratus
241 931 418 972 ordines
431 932 673 972 successive
684 942 827 973 vestra
841 931 1022 973 licencia
1037 946 1124 973 non
1138 933 1331 982 obtenta,
1341 944 1552 986 tanquam
1566 933 1759 987 simplex

105 1008 149 1038 et
173 999 284 1052 juris
315 1000 499 1055 ignarus
534 1000 641 1041 alias
676 1011 820 1041 tamen
856 1001 938 1042 rite
973 1016 1054 1054 per
1084 1001 1232 1042 omnia
1259 1002 1323 1054 <se
1355 1002 1472 1057 fecit>
1502 1002 1758 1056 promoveri

106 1077 149 1107 et
170 1068 212 1108 in
235 1069 295 1109 sic
317 1069 531 1123 susceptis
555 1081 598 1110 et
621 1069 748 1110 certis
761 1070 850 1110 suis
866 1070 1108 1118 ordinibus,
1126 1083 1212 1110 non
1232 1080 1377 1110 tamen
1392 1070 1435 1110 in
1453 1081 1757 1125 contemptum

104 1135 305 1187 clavium,
343 1138 514 1179 diucius
551 1138 824 1189 ministravit,
862 1150 905 1179 et
941 1138 1037 1179 aliis
1071 1138 1229 1180 divinis
1265 1139 1422 1180 officiis
1462 1154 1508 1180 se
1550 1139 1756 1194 ingessit;

105 1206 284 1260 cognita
315 1208 490 1247 tandem
522 1207 654 1261 culpa
685 1207 869 1261 propria
898 1208 1047 1248 sedern
1078 1208 1369 1261 apostolicam
1400 1208 1552 1249 adiens
1585 1208 1755 1263 suppli-

105 1275 221 1316 cavit
243 1275 467 1316 humiliter
488 1276 569 1316 sibi
591 1290 725 1330 super
746 1277 830 1317 hiis
851 1291 932 1331 per
947 1278 1096 1317 sedem
1113 1277 1400 1331 apostolicam
1418 1277 1758 1318 misericorditer

103 1344 340 1397 provideri.
403 1346 495 1385 Nos
518 1345 655 1400 igitur
675 1345 934 1386 auctoritate
955 1345 1121 1386 domini
1145 1360 1263 1400 pape
1289 1346 1411 1400 cujus
1442 1346 1757 1400 penitenciarie

103 1427 251 1453 curam
280 1413 475 1467 gerimus
501 1423 545 1454 et
566 1414 621 1454 de
649 1413 740 1467 ejus
765 1414 942 1468 speciali
966 1415 1173 1455 mandato
1203 1428 1337 1468 super
1361 1415 1482 1468 (hoc)
1511 1415 1608 1457 vive
1635 1415 1756 1456 vocis

104 1482 284 1523 oraculo
321 1483 449 1523 nobis
486 1483 614 1531 facto,
650 1483 707 1523 ad
739 1497 818 1524 vos
850 1483 994 1536 ipsum
1025 1483 1271 1538 Johannem
1304 1484 1360 1524 ab
1400 1484 1755 1525 excommunica-

104 1551 231 1592 cione
251 1551 449 1606 generali
470 1566 603 1606 quarn
626 1562 812 1606 propter
837 1552 922 1592 hoc
943 1552 1136 1602 incurrit,
1159 1563 1202 1592 et
1223 1553 1478 1594 excessibus
1503 1553 1756 1607 hujusmodi

96 1620 229 1674 juxta
270 1621 455 1662 formam
497 1621 681 1662 ecclesie
732 1621 994 1662 remittimus
1049 1621 1314 1671 absolutum,
1367 1622 1755 1676 circumspeccioni

101 1700 245 1731 vestre
276 1691 533 1731 auctoritate
565 1701 609 1731 et
640 1690 847 1731 mandato
879 1690 1042 1731 eisdem
1075 1691 1411 1740 committentes,
1442 1691 1650 1744 quatinus
1691 1691 1755 1732 in—

97 1757 251 1812 juncta
272 1758 354 1800 sibi
376 1772 510 1812 super
532 1758 615 1798 hiis
636 1771 719 1812 pro
741 1760 876 1800 modo
898 1760 1027 1814 culpe
1048 1760 1292 1815 penitencia
1313 1759 1505 1811 salutari,
1531 1774 1674 1814 eoque
1698 1760 1755 1801 ad

105 1837 282 1881 tempus
300 1838 433 1881 prout
451 1827 665 1881 expedire
682 1827 877 1869 videritis
893 1843 918 1869 a
940 1830 1002 1869 sic
1022 1840 1329 1884 susceptorum
1346 1830 1616 1872 execucione
1638 1830 1754 1871 ordi-

103 1909 207 1936 num
233 1911 459 1951 suspenso‚
483 1897 659 1937 demum
689 1898 1034 1952 suffragantibus
1062 1899 1101 1939 ei
1130 1898 1306 1947 meritis,
1335 1898 1511 1953 alioque
1540 1900 1754 1940 canonico

103 1979 188 2006 non
223 1966 440 2015 obstante,
472 1980 607 2020 super
638 1966 961 2021 irregularitate
991 1967 1109 2008 dicto
1140 1968 1275 2008 modo
1306 1978 1532 2009 contracta
1561 1979 1605 2009 et
1637 1968 1753 2022 ipso-

101 2048 199 2074 rum
230 2035 498 2075 execucione
527 2034 735 2075 ordinum
771 2035 1036 2089 dispensetis
1074 2036 1412 2077 misericorditer
1447 2052 1546 2078 cum
1580 2038 1752 2078 eodem.

102 2103 265 2143 Datum
287 2103 512 2145 Avinione
533 2103 641 2157 xiiij.
667 2104 888 2145 Kalendas
910 2105 1081 2159 Aprilis
1103 2106 1388 2160 pontificatus
1415 2106 1581 2146 domini
1613 2107 1750 2147 Bene-

99 2171 203 2213 dicti
224 2186 339 2226 pape
361 2172 437 2227 xij.
458 2186 575 2213 anno
595 2183 735 2215 sexto.

217 2243 389 2283 Harum
411 2242 548 2297 igitur
569 2244 828 2285 auctoritate
850 2243 1090 2293 literarum,
1117 2243 1391 2285 confessione
1420 2255 1495 2285 tua
1518 2244 1753 2299 diligenter

100 2311 263 2362 audita,
286 2326 369 2366 pro
393 2313 527 2353 modo
547 2312 685 2353 eciam
713 2312 841 2366 culpe
873 2327 1007 2367 super
1036 2313 1262 2367 premissis
1293 2312 1488 2366 injuncta
1519 2313 1597 2353 tibi
1628 2314 1752 2367 peni-

99 2381 243 2421 tencia
262 2381 454 2432 salutari,
477 2392 607 2435 teque
629 2383 686 2423 ad
708 2393 882 2436 tempus
905 2391 1038 2435 prout
1060 2382 1186 2423 nobis
1210 2383 1423 2436 expedire
1452 2382 1679 2423 videbatur
1709 2394 1752 2424 et

99 2449 210 2490 sicut
232 2450 502 2505 premittitur
523 2464 549 2491 a
572 2461 881 2505 susceptorum
906 2451 1110 2491 ordinum
1133 2451 1404 2492 execucione
1425 2465 1655 2504 suspenso,
1673 2452 1747 2492 de-

101 2533 221 2559 mum
252 2519 595 2574 suffragantibus
626 2519 703 2560 tibi
739 2520 918 2569 meritis,
955 2520 1131 2573 alioque
1163 2520 1376 2560 canonico
1411 2534 1497 2561 non
1534 2521 1749 2569 obstante,

98 2602 235 2642 super
256 2588 578 2642 irregularitate
607 2588 725 2629 dicto
755 2589 890 2629 modo
921 2599 1146 2629 contracta
1176 2598 1219 2629 et
1250 2589 1451 2642 ipsorum
1483 2589 1750 2630 execucione

99 2656 303 2697 ordinum
336 2656 379 2696 in
412 2656 493 2696 hiis
524 2656 698 2710 scriptis
729 2667 873 2698 tecum
907 2657 1248 2697 misericorditer
1278 2656 1594 2710 dispensamus,
1621 2657 1751 2710 juxta

98 2725 187 2766 vim
210 2726 395 2766 formam
418 2736 460 2765 et
483 2726 688 2766 effectum
706 2727 921 2767 dictarum
937 2726 1160 2767 literarum
1175 2736 1219 2766 et
1236 2739 1322 2766 non
1340 2725 1428 2766 alio
1444 2726 1750 2779 quovismodo.

97 2795 146 2834 In
181 2792 302 2846 cujus
336 2793 398 2833 rei
433 2794 733 2835 testimonium
768 2794 963 2850 sigillum
999 2805 1196 2835 nostrum
1236 2794 1418 2835 fecimus
1452 2795 1533 2835 hiis
1566 2796 1749 2850 apponi.

98 2863 261 2903 Datum
295 2864 416 2917 apud
448 2863 743 2905 Trottesclive
778 2864 922 2918 pridie
955 2864 1105 2905 Nonas
1138 2863 1403 2905 Novembris
1434 2877 1551 2904 anno
1579 2865 1750 2905 domini

97 2938 170 2972 rn0.
185 2937 319 2973 cccm0.
342 2932 695 2987 quadragesimo.
