1925 3451
170 206 249 257 706
713 203 999 264 ngrz'strrt772
1037 201 1286 248 Hamom‘s
1556 200 1673 264 [A.D.
1699 218 1715 247 1
1729 217 1820 261 343

286 338 440 378 Frater
471 337 616 377 Hamo
645 335 934 390 permissione
962 334 1111 375 divina
1141 333 1361 375 Roffensis
1390 333 1629 388 episcopus
1657 333 1825 375 dilectis

168 405 268 446 filiis
306 405 442 459 priori
477 415 521 445 et
556 404 754 458 capitulo
789 414 940 445 nostro
980 403 1274 451 Roffensibus‚
1307 402 1504 451 salutem,
1541 402 1750 457 graciam,
1782 413 1825 443 et

166 473 536 516 benediccionem.
579 473 830 527 Injunctum
852 472 978 512 nobis
1000 471 1221 526 pastorale
1236 471 1431 512 officium
1451 471 1612 524 exequi
1630 470 1826 512 volentes

169 553 217 584 ut
248 554 460 592 tenemur,
493 555 571 583 vos
602 541 646 581 in
684 541 886 595 personis
917 550 961 581 et
991 541 1122 580 rebus
1154 540 1225 581 die
1258 540 1444 581 Veneris
1479 539 1689 593 proximo
1722 549 1826 593 post

169 612 328 652 festum
343 610 479 651 sancti
497 611 694 650 Barnabe
709 609 895 664 apostoli
912 609 1122 663 proximo
1136 609 1330 649 futurum
1344 608 1521 650 visitare
1535 608 1827 662 proponimus

170 680 352 722 domino
374 679 656 721 concedente.
700 678 921 728 Quocirca
937 691 1016 718 vos
1032 691 1188 718 omnes
1204 687 1247 718 et
1263 675 1463 731 singulos
1479 686 1632 718 tenore
1649 691 1826 731 presen-

169 749 283 791 cium
307 747 604 802 peremptorie
624 750 822 796 citamus,
844 761 894 787 ac
915 761 996 800 per
1016 759 1096 787 vos
1117 759 1271 786 omnes
1293 746 1448 786 fratres
1468 746 1674 786 absentes
1694 745 1729 786 si
1750 745 1827 799 qui

171 818 330 859 fuerint
353 817 429 870 qui
451 826 645 857 nostram
667 815 965 857 visitacionem
991 814 1241 868 hujusmodi
1262 814 1408 854 subire
1430 825 1634 855 tenentur
1656 828 1826 868 perem-

172 886 315 941 ptorie
350 885 473 926 citari
506 885 710 926 volumus
741 894 784 925 et
816 884 1086 934 mandamuS‚
1119 883 1241 937 quod
1269 882 1388 924 dicto
1416 883 1488 923 die
1512 883 1623 924 hora
1648 882 1828 937 capituli

169 965 378 997 consueta
401 954 444 994 in
466 954 602 995 domo
630 964 775 995 vestra
802 952 1034 1007 capitulari
1056 966 1202 993 coram
1234 952 1360 992 nobis
1389 952 1680 1005 personaliter
1710 966 1827 993 com-

173 1023 359 1078 pareatis
387 1032 431 1063 et
459 1033 761 1077 compareant,
792 1033 987 1063 nostram
1020 1020 1321 1062 visitacionem
1353 1020 1595 1075 predictam
1627 1020 1829 1070 subituri,

172 1091 536 1146 procuracionem
564 1102 756 1132 nostram
785 1090 1039 1132 canonicam
1067 1089 1186 1130 dicto
1207 1089 1278 1129 die
1301 1089 1539 1143 provisuri,
1561 1089 1829 1143 ulteriusque

171 1161 327 1203 facturi
356 1171 399 1201 et
427 1160 648 1214 recepturi
680 1160 831 1201 omnia
851 1170 894 1200 et
915 1158 1089 1213 singula
1118 1173 1206 1213 que
1232 1158 1288 1199 ad
1316 1158 1616 1200 visitacionem
1643 1158 1829 1199 attinent

170 1230 436 1272 antedictam
467 1239 512 1270 et
539 1229 759 1270 canonicis
788 1228 1056 1270 conveniunt
1084 1227 1305 1269 institutis.
1361 1228 1429 1268 De
1455 1227 1525 1268 die
1549 1242 1653 1270 vero
1679 1242 1831 1281 recep-

170 1299 309 1341 cionis
336 1298 613 1353 presencium
637 1309 679 1338 et
702 1298 807 1352 quid
837 1297 1022 1338 feceritis
1051 1297 1390 1350 faciendumque
1418 1296 1636 1337 duxeritis
1657 1296 1700 1336 in
1727 1310 1829 1350 pre-

172 1368 326 1419 missis,
344 1382 424 1409 nos
442 1382 529 1408 una
542 1382 642 1408 cum
669 1366 920 1408 nominibus
937 1366 1136 1407 omnium
1161 1366 1343 1406 fratrum
1365 1365 1610 1416 citatorum,
1627 1380 1677 1406 ac
1694 1365 1830 1406 eciam

172 1437 424 1478 absencium
455 1436 490 1476 si
524 1436 601 1490 qui
638 1436 812 1486 fuerint,
844 1436 886 1476 in
919 1436 1113 1489 quadam
1150 1433 1306 1475 cedula
1342 1444 1488 1476 vestro
1520 1434 1830 1476 certificatorio

172 1506 446 1547 annectenda
467 1506 594 1547 dictis
615 1505 687 1546 die
710 1505 818 1546 hora
840 1515 883 1545 et
904 1504 1004 1546 loco
1022 1504 1224 1545 distincte
1241 1513 1284 1544 et
1305 1514 1460 1557 aperte
1482 1503 1730 1544 certificetis
1751 1518 1832 1557 per

173 1586 340 1617 vestras
381 1585 584 1629 patentes
624 1574 772 1615 literas
812 1574 968 1614 harum
1019 1573 1174 1614 seriem
1215 1572 1498 1614 continentes.
1559 1574 1672 1613 Date
1712 1573 1833 1626 apud

173 1644 466 1685 Trottesclive
500 1643 575 1698 iij0.
610 1644 672 1684 Id.
707 1642 813 1683 Maii
844 1657 962 1683 anno
994 1642 1159 1683 domini
1197 1641 1432 1682 millesimo
1470 1648 1604 1683 ccc¹¹¹⁰.
1641 1642 1830 1696 quadra-

174 1713 346 1768 gesimo
368 1713 516 1754 tercio.

222 1996 560 2051 Acqmzetancm
584 1996 639 2036 de
648 1995 1067 2047 praem-aciom‘bus
1093 1995 1428 2036 Cardzbzalz‘nm
1451 1994 1728 2036 Peneslm'm'
1742 2000 1787 2035 et

707 2065 751 2104 T
748 2065 965 2105 nsculam‘
979 2064 1310 2116 episcoporum.

180 2134 259 2174 May
280 2135 329 2164 16.

273 2189 372 2233 [The
398 2188 528 2232 bishop
557 2188 698 2232 acquits
723 2187 785 2220 the
816 2188 915 2231 prior
945 2187 1014 2220 and
1045 2187 1196 2231 chapter
1222 2187 1261 2220 of
1293 2187 1496 2221 Rochester
1526 2187 1566 2221 of
1593 2188 1656 2221 the
1686 2199 1764 2221 sum
1796 2186 1837 2221 of

177 2247 271 2292 ᾼ57.
295 2260 342 2282 25.
365 2247 417 2289 8d,
433 2247 542 2289 being
560 2247 623 2280 the
641 2246 894 2289 procurations
913 2246 983 2279 due
1002 2250 1041 2279 to
1059 2245 1123 2278 the
1142 2245 1312 2278 Cardinal
1331 2245 1475 2289 bishops
1494 2245 1534 2279 of
1550 2246 1750 2279 Palestrina
1764 2246 1834 2279 and

178 2306 387 2349 Tusculum,
407 2306 558 2338 nuncios
582 2304 756 2348 apostolic
776 2308 815 2337 to
835 2304 1011 2346 England,
1030 2303 1124 2336 from
1142 2303 1205 2336 the
1225 2303 1369 2337 diocese
1395 2303 1437 2336 of
1461 2304 1678 2348 Rochester,
1697 2304 1755 2337 for
1771 2305 1834 2338 the

178 2376 265 2409 year
282 2364 477 2407 beginning
496 2376 507 2396 1
526 2364 621 2407 July,
641 2374 742 2404 1342,
760 2362 817 2395 for
836 2362 951 2396 which
971 2362 1015 2395 he
1034 2362 1137 2395 holds
1156 2362 1250 2395 their
1267 2363 1474 2396 collector’s
1492 2364 1631 2407 receipt
1654 2362 1695 2396 of
1715 2363 1835 2397 which

178 2435 196 2456 a
215 2434 305 2467 copy
324 2422 462 2456 follows
481 2421 589 2455 dated
610 2421 776 2462 London,
797 2420 885 2464 May
906 2420 952 2464 7.]

297 2491 513 2533 Noverint
540 2490 732 2531 universi
760 2490 880 2543 quod
910 2503 1001 2539 nOS,
1032 2489 1164 2530 frater
1194 2490 1342 2530 Hamo
1371 2489 1659 2544 permissione
1687 2489 1835 2531 divina

179 2560 400 2602 Roffensis
429 2560 679 2614 episcopuS,
707 2558 952 2612 recepimus
973 2567 1016 2598 et
1045 2557 1280 2599 habuimus
1307 2558 1362 2599 de
1391 2558 1556 2599 dilectis
1584 2559 1627 2599 in
1658 2559 1836 2600 Christo

180 2630 342 2670 filiis..
365 2629 514 2684 priore
554 2638 598 2669 et
639 2627 835 2681 capitulo
874 2626 1055 2667 ecclesie
1098 2638 1248 2668 nostre
1288 2627 1552 2668 cathedralis
1600 2627 1833 2680 Roffensis,

180 2698 493 2740 collectoribus
529 2696 896 2751 procuracionum
934 2696 1279 2737 reverendorum
1311 2696 1591 2737 dominorum
1621 2696 1833 2737 Cardina-

182 2768 288 2809 lium
320 2766 703 2820 infrascriptorum
735 2765 779 2804 in
810 2775 959 2805 nostra
991 2764 1188 2805 Roffensi
1217 2764 1383 2806 diocesi
1416 2765 1615 2819 predicta
1646 2781 1727 2820 per
1755 2779 1835 2806 nos

182 2835 405 2891 deputatis
436 2845 480 2875 et
510 2833 756 2889 assignatis,
788 2833 1000 2886 quasdam
1034 2833 1183 2873 literas
1219 2833 1517 2887 acquietancie
1548 2834 1722 2875 discreti
1753 2834 1834 2876 viri

181 2905 327 2946 fratris
359 2903 600 2957 Andruyni
631 2904 687 2943 de
720 2902 884 2952 Rocha,
914 2901 1076 2955 prioris
1104 2902 1158 2942 de
1187 2901 1434 2957 Colungiis,
1466 2903 1767 2956 procuratoris
1794 2913 1836 2943 et

186 2975 328 3015 nuncii
359 2973 702 3014 reverendorum
733 2982 910 3025 patrum
940 2981 983 3011 et
1007 2971 1288 3012 dominorum
1312 2971 1428 3012 Petri
1458 2971 1711 3021 Penestrini,
1740 2985 1835 3012 san-

184 3043 371 3084 ctissime
412 3043 613 3083 Romane
652 3040 833 3082 ecclesie
875 3039 1226 3088 vicecancellarii,
1264 3049 1306 3081 et
1347 3040 1558 3081 Anibaldi
1598 3040 1835 3082 Tusculani

184 3111 496 3166 episcoporum
547 3109 844 3160 cardinalium,
896 3108 1010 3149 sedis
1060 3108 1301 3162 apostolice
1341 3110 1395 3149 ad
1437 3124 1623 3164 regnum
1669 3108 1837 3163 Anglie

186 3181 458 3231 nunciorum,
473 3179 672 3220 habentis
699 3188 963 3233 potestatem
979 3177 1320 3232 procuraciones
1342 3177 1449 3232 ipsis
1470 3178 1660 3219 dominis
1684 3210 1692 3218 .
1715 3212 1722 3220 .
1746 3192 1837 3219 car-
