1925 3451
184 192 264 241 698
723 184 958 246 Rejgrz‘slru
966 201 1009 230 m
1048 185 1113 230 H
1111 203 1139 230 a
1146 185 1299 230 monis
1567 183 1631 247 [A.
1640 201 1684 232 D.
1713 202 1723 231 1
1740 201 1763 244 3
1771 201 1800 244 4
1809 202 1831 230 2

184 316 414 357 exsolvant
437 316 624 357 indilate.
686 317 904 370 Alioquin
933 331 1087 357 omnes
1116 326 1159 357 et
1187 316 1386 371 singulos
1414 317 1489 370 qui
1511 316 1676 365 vestris,
1700 316 1836 358 immo

185 386 332 427 verius
355 387 512 427 nostris
535 385 856 427 monicionibus
878 385 921 424 in
944 385 1025 425 hac
1046 394 1171 438 parte
1194 398 1282 425 non
1305 384 1531 438 paruerint
1553 395 1599 424 ut
1617 394 1835 434 tenentur,

184 455 239 495 ad
271 455 521 509 hujusmodi
553 455 768 495 decimam
799 453 1055 494 solvendam
1088 468 1169 506 per
1200 467 1499 507 quascumque
1532 467 1738 493 censuras
1769 467 1837 493 ec-

184 523 445 564 clesiasticas
467 523 611 564 arcius
634 522 924 575 compellatis,
946 531 988 562 et
1009 522 1175 562 dietum
1198 522 1427 562 dominum
1457 533 1656 562 nostrum
1685 536 1838 575 regem

185 593 239 632 de
274 592 523 632 nominibus
555 591 731 632 illorum
769 590 845 644 qui
877 600 980 630 ante
1017 590 1230 631 terminos
1269 600 1458 631 statutos
1492 589 1704 630 decimam
1739 604 1837 643 pre-

185 661 344 701 dictam
385 660 445 700 sic
485 660 694 701 solverint
740 659 999 707 certificetis,
1040 669 1083 698 et
1124 658 1267 699 eidem
1318 659 1479 699 dictam
1524 658 1737 699 decimam
1778 659 1840 699 sic

185 739 408 782 receptam
431 729 611 768 mittatis
634 727 825 777 indilate,
848 738 980 780 prout
999 737 1127 767 tenor
1148 727 1253 767 dicti
1266 728 1410 768 brevis
1425 727 1567 781 exigit
1584 737 1627 767 et
1645 727 1840 781 requirit.

184 798 260 837 Ad
283 813 369 851 que
390 797 537 838 omnia
559 807 603 837 et
624 796 798 850 singula
824 795 1021 836 facienda
1045 795 1170 836 vobis
1197 810 1295 836 cum
1328 795 1601 836 cohercionis
1632 795 1840 836 canonice

185 877 401 919 potestate
430 865 743 906 committimus
771 865 888 905 vices
918 874 1085 905 nostras
1113 878 1345 918 quousque
1378 865 1553 905 easdem
1585 864 1842 905 duxerimus

186 935 466 975 revocandas.
528 934 648 985 Quid
680 944 827 974 autem
860 933 1050 974 feceritis
1082 934 1389 975 faciendumve
1419 933 1635 974 duxeritis
1667 933 1709 973 in
1738 947 1838 987 pre-

186 1003 326 1043 missis
358 1018 436 1044 nos
464 1004 571 1044 citra
605 1005 761 1043 festum
792 1003 928 1043 sancti
955 1002 1168 1058 Johannis
1199 1002 1392 1056 Baptiste
1414 1002 1623 1056 proximo
1645 1003 1841 1043 futurum

185 1073 433 1113 certificetis
465 1087 545 1125 per
577 1072 726 1113 literas
747 1082 915 1112 vestras
946 1082 1146 1124 patentes
1178 1072 1334 1112 harum
1365 1071 1524 1112 seriem
1556 1071 1840 1112 continentes.

186 1142 299 1181 Date
332 1142 452 1194 apud
488 1141 686 1196 Halling'
720 1140 760 1194 ij.
795 1140 899 1181 Idus
937 1140 1204 1189 Decembris,
1241 1154 1359 1181 anno
1400 1140 1569 1181 domini
1611 1139 1842 1181 millesimo

185 1216 319 1251 ccc'fl‘l
340 1210 683 1265 quadragesimo
705 1210 913 1250 secundo.

264 1380 424 1419 Lz'lera
449 1380 616 1419 decano
637 1380 692 1420 de
713 1379 918 1419 Iselham
936 1379 999 1418 ad
1016 1378 1282 1418 solvena'mn
1304 1379 1529 1418 decimam
1541 1378 1712 1430 ρνίονί
1727 1383 1770 1416 el

802 1449 995 1501 capitulo
1016 1447 1229 1499 Rcffensz'.

187 1506 267 1536 Dec.
293 1516 338 1543 13.

281 1557 379 1601 [The
395 1557 484 1590 dean
499 1557 540 1590 of
558 1558 711 1591 Isleham
730 1558 756 1590 is
776 1558 977 1591 insti-ucted
997 1564 1037 1590 to
1056 1557 1173 1590 direct
1193 1557 1255 1589 the
1275 1557 1397 1600 clergy
1412 1556 1453 1589 of
1469 1556 1521 1589 his
1540 1556 1700 1600 deanery
1715 1560 1755 1589 to
1773 1567 1842 1600 pay

183 1615 244 1648 the
265 1616 369 1649 tenth
389 1620 426 1649 to
445 1616 508 1649 the
526 1616 626 1659 prior
644 1616 715 1648 and
734 1615 885 1658 chapter
904 1615 943 1648 οἱ
964 1613 1196 1658 Κοςὴεςῖθικ]

301 1685 456 1726 Frater
480 1685 628 1725 Hamo
649 1684 936 1738 permissione
964 1683 1111 1724 divina
1139 1682 1362 1724 Roffensis
1388 1682 1623 1736 episcopus
1654 1682 1843 1723 discreto

184 1753 279 1794 viro
316 1755 484 1794 decano
513 1754 567 1794 de
601 1753 788 1794 Iselham
822 1764 969 1793 nostre
995 1752 1317 1806 jurisdiccionis
1350 1751 1613 1802 immediate,
1645 1751 1842 1799 salutem,

184 1823 392 1877 graciam,
421 1834 463 1863 et
496 1823 896 1864 bennediccionem.
930 1848 934 1852 -
961 1824 1102 1863 Breve
1133 1821 1303 1862 domini
1336 1820 1475 1861 nostri
1502 1820 1621 1875 regis
1653 1821 1716 1875 iijO
1739 1821 1843 1861 Idus

186 1892 450 1933 Novembris
500 1894 595 1942 (sic)
647 1892 803 1932 ultimo
853 1891 1066 1946 preterito
1114 1891 1364 1944 recepimus
1412 1890 1456 1930 in
1498 1890 1579 1931 hec
1625 1891 1843 1931 verba:—

185 1961 428 2002 Edwardus
459 1961 530 2001 dei
563 1961 714 2015 gracia
745 1972 826 2001 etc.
862 1970 909 2001 ut
940 1974 1087 2013 supra.
1150 1960 1265 2001 Cum
1295 1959 1430 2013 igitur
1463 1958 1694 2012 religiosos
1725 1958 1844 2000 viros

184 2029 376 2082 priorem
424 2040 466 2070 et
510 2030 754 2083 capitulum
799 2028 980 2069 ecclesie
1030 2038 1177 2069 nostre
1218 2027 1483 2068 cathedralis
1526 2027 1745 2068 Roffensis
1788 2028 1843 2067 ad

184 2098 420 2139 levandum
456 2108 499 2139 et
535 2098 833 2152 colligendum
869 2099 926 2138 ad
962 2112 1075 2151 opus
1102 2098 1206 2138 dicti
1239 2097 1405 2138 domini
1439 2097 1575 2137 nostri
1609 2096 1725 2151 regis
1754 2106 1843 2136 tam

184 2167 228 2207 in
266 2167 424 2208 nostris
467 2167 637 2209 civitate
679 2178 721 2207 et
763 2167 927 2208 diocesi
969 2166 1251 2208 Roffensibus
1288 2180 1419 2219 quam
1458 2166 1500 2205 in
1538 2167 1751 2206 decanatu
1787 2165 1843 2205 de

185 2236 372 2276 Iselham
395 2246 542 2277 nostre
568 2236 886 2277 iurisdiCcionis
908 2236 1162 2276 immediate
1191 2249 1345 2276 omnes
1374 2234 1577 2275 denarios
1609 2235 1665 2275 de
1696 2234 1841 2274 huius-

186 2306 304 2345 modi
346 2305 516 2345 decima
564 2305 872 2359 provenientes
918 2304 1304 2358 assignaverimus,
1346 2313 1390 2344 et
1431 2304 1629 2358 ejusdem
1675 2303 1842 2343 decime

184 2373 545 2427 deputaverimus
581 2373 848 2424 collectores,
884 2373 1009 2414 vobis
1042 2373 1302 2413 mandamus
1340 2372 1522 2412 firmiter
1562 2372 1844 2426 injungentes

185 2443 390 2496 quatinus
421 2457 576 2484 omnes
607 2453 649 2483 et
680 2442 879 2496 singulos
910 2443 1028 2484 viros
1059 2441 1374 2482 ecclesiasticos
1404 2441 1446 2481 in
1475 2441 1596 2482 dicto
1628 2441 1842 2481 decanatu

185 2513 239 2552 de
260 2512 447 2552 Iselham
471 2512 711 2552 existentes
744 2511 958 2552 moneatis
987 2521 1030 2551 et
1058 2511 1292 2552 efficaciter
1323 2510 1539 2551 inducatis
1571 2519 1618 2550 ut
1649 2509 1843 2549 decimas

186 2581 438 2634 hujusmodi
480 2581 600 2634 ipsos
642 2591 686 2620 et
727 2594 880 2621 eorum
929 2579 1108 2634 singula
1158 2580 1277 2620 bona
1318 2589 1362 2619 et
1410 2578 1622 2619 beneficia
1667 2577 1841 2618 ecclesi-

185 2650 317 2690 astica
358 2649 401 2689 in
442 2650 562 2690 dicto
604 2650 822 2689 decanatu
863 2649 918 2689 de
961 2648 1149 2688 Iselham
1183 2648 1491 2702 contingentes
1532 2647 1712 2701 prefatis
1753 2645 1840 2686 col-

185 2718 423 2759 lectoribus
474 2718 585 2758 infra
632 2717 702 2759 vel
751 2719 806 2758 ad
858 2717 1072 2757 terminos
1120 2717 1232 2757 infra
1280 2727 1463 2757 statutos
1514 2715 1745 2756 exsolvant
1790 2725 1838 2754 ut

186 2798 402 2829 tenentur.
478 2787 695 2841 Alioquin
733 2787 855 2840 ipsos
889 2787 945 2826 ad
980 2785 1231 2838 hujusmodi
1265 2785 1456 2826 decimas
1491 2784 1722 2826 solvendas
1763 2797 1844 2837 per

185 2870 392 2896 censuras
424 2855 737 2896 ecclesiasticas
766 2854 1054 2910 compellatis.
1116 2854 1237 2905 Quid
1268 2864 1415 2894 autem
1446 2853 1634 2894 feceritis
1666 2852 1709 2892 in
1741 2866 1839 2905 pre-

187 2923 329 2963 missis
363 2938 441 2965 nos
471 2934 572 2965 ante
598 2924 764 2964 dictum
794 2924 953 2964 festum
980 2923 1217 2963 nativitatis
1245 2923 1382 2963 sancti
1407 2921 1620 2977 Johannis
1650 2920 1843 2974 Baptiste

186 2992 432 3033 certificetis
464 3007 545 3046 per
575 2993 723 3033 literas
754 3003 919 3033 vestras
950 3001 1151 3045 patentes
1183 2992 1339 3032 harum
1369 2991 1526 3032 seriem
1556 2989 1842 3031 continentes.

190 3060 301 3100 Date
333 3062 453 3114 apud
491 3061 704 3115 Hallyng‘
742 3061 893 3101 Idibus
936 3060 1207 3111 Decembris,
1248 3074 1364 3101 anno
1405 3059 1574 3101 domini
1611 3057 1843 3098 millesimo

187 3136 291 3178 ccc⁴‘‚
315 3130 654 3183 quadragesimo
677 3129 883 3170 secundo.
