1925 3451
68 219 163 251 ΑΛ).
194 199 341 264 1343]
645 196 875 260 Episcopi
907 194 1148 258 Rcffi‘nsis
1645 209 1722 247 719

67 335 249 376 domino
287 343 438 374 nostro
466 346 583 387 pape
620 346 754 385 super
777 331 966 371 duorum
997 328 1271 370 notariorum
1303 326 1578 381 prefeccione
1611 326 1722 367 dire-

68 414 171 454 ctas,
193 402 317 445 vobis
338 401 646 456 porrigendas,
668 410 865 441 tenorem
888 397 1105 438 inclusum
1128 395 1408 452 presentibus
1434 394 1721 437 continentes.

69 473 224 514 Vestre
242 471 379 525 igitur
394 469 676 510 discrecionis
697 467 938 509 amiciciam
953 467 1098 508 votive
1121 479 1330 519 rogamus
1348 463 1557 518 quatinus
1578 463 1724 505 literas

69 542 198 596 ipsas,
221 541 313 581 sive
342 553 423 593 per
444 548 610 580 vestras
637 537 728 578 sive
750 551 832 591 per
857 536 983 577 electi
1004 535 1049 575 in
1070 535 1273 576 abbatem
1306 532 1557 575 monasterii
1586 532 1724 573 sancti

71 608 330 664 Augustini,
359 606 612 656 Cantuarie‚
634 617 709 647 aut
739 605 918 647 alterius
947 618 1103 645 manus
1131 603 1332 657 predicto
1361 602 1544 643 domino
1572 612 1724 642 nostro

71 693 188 733 pape
210 676 454 732 presentari
483 675 625 716 facere
645 674 786 716 velitis
808 673 1071 728 congruenti
1100 683 1303 726 tempore
1324 681 1461 726 prout
1480 680 1523 711 et
1546 670 1726 724 quando

70 746 196 788 vobis
218 745 360 799 magis
381 744 599 785 videbitur
614 744 841 798 expedire.
884 742 1191 783 Rescribentes
1214 740 1341 782 nobis
1361 740 1396 780 si
1418 740 1551 781 libeat
1572 753 1726 793 quam-

72 815 204 857 cicius
241 813 444 869 poteritis
479 812 666 867 qualiter
700 812 865 853 dictum
903 811 1138 866 negocium
1173 809 1375 863 expediri
1409 808 1654 863 contigerit,
1684 818 1727 849 et

72 898 185 938 quos
209 893 410 937 sumptus
436 881 732 936 apposueritis
761 881 876 921 circa
907 880 1050 933 ipsum
1080 878 1317 934 negocium
1345 878 1730 932 persequendum:

74 966 244 1006 nosque
260 962 462 1005 sumptus
483 950 735 1004 hujusmodi
752 949 876 991 vobis
898 948 1073 989 refundi
1100 947 1309 988 faciemus
1326 962 1425 988 cum
1450 946 1576 988 nobis
1596 960 1731 1000 super

73 1022 157 1062 hoc
174 1020 319 1061 literas
340 1019 604 1074 apostolicas
626 1017 950 1059 transmiseritis
965 1018 1098 1072 juxta
1122 1016 1303 1058 modum
1326 1015 1452 1057 nobis
1469 1030 1551 1069 per
1565 1026 1731 1057 vestras

72 1090 220 1131 literas
260 1089 562 1130 intimandum.
614 1087 772 1129 Valeat
810 1087 853 1127 in
894 1086 1072 1129 Christo
1113 1085 1230 1126 salus
1270 1095 1418 1126 vestra
1460 1099 1541 1140 per
1581 1084 1732 1126 votiva

74 1170 277 1212 tempora
303 1158 522 1198 diuturna.
567 1156 745 1210 Scripte
773 1155 894 1210 apud
927 1154 1221 1196 Trottesclive
1243 1153 1351 1207 iiijw.
1396 1154 1500 1194 Idus
1523 1152 1729 1195 Octobris

73 1241 188 1268 anno
209 1226 377 1268 domini
400 1225 635 1267 millesimo
657 1231 792 1267 ccc¹¹¹⁰.
813 1223 1160 1279 quadragesimo
1182 1223 1329 1264 tercio.

782 1439 843 1479 M
841 1438 1020 1479 erslon'.

78 1498 155 1529 Oct.
174 1508 227 1536 23.

173 1553 340 1598 [Robe1·t‚
359 1558 482 1587 rector
499 1553 539 1587 of
557 1552 779 1592 hiarestone,
794 1552 855 1585 has
875 1552 974 1585 leave
988 1550 1030 1583 of
1043 1550 1200 1584 absence
1216 1549 1273 1583 for
1285 1561 1356 1583 one
1371 1560 1457 1594 year
1470 1548 1564 1582 from
1578 1547 1668 1582 Nov.
1690 1548 1735 1593 1.]

193 1638 236 1664 x.
278 1622 499 1663 Kalendas
549 1620 814 1663 Novembris
854 1634 972 1661 anno
1015 1619 1183 1661 domini
1224 1618 1435 1674 proximo
1477 1617 1737 1672 supradicto

78 1691 282 1733 dominus
310 1691 555 1733 licenciavit
584 1689 814 1732 dominum
844 1689 1103 1740 Robertum‚
1128 1698 1343 1730 rectorem
1365 1688 1420 1728 de
1443 1688 1668 1738 Merston'‚
1691 1696 1739 1727 ut

80 1761 218 1815 possit
238 1775 285 1801 se
300 1761 530 1801 absentare
546 1760 601 1799 ab
618 1757 801 1800 ecclesia
822 1772 901 1799 sua
919 1772 999 1811 per
1016 1772 1180 1798 annum
1202 1757 1463 1798 continuum
1481 1771 1505 1797 a
1523 1755 1738 1797 Kalendis

81 1829 301 1883 predictis,
345 1830 409 1869 Ita
426 1828 629 1870 videlicet
647 1827 768 1881 quod
789 1827 973 1868 ecclesie
997 1841 1073 1868 sue
1094 1826 1368 1867 deserviatur
1392 1825 1566 1867 interim
1590 1824 1739 1866 lauda-

79 1898 224 1939 biliter
249 1898 292 1938 in
322 1897 480 1939 divinis
508 1907 551 1938 et
577 1897 701 1951 quod
731 1896 971 1937 dimitteret
1005 1895 1291 1936 sufficientem
1324 1905 1659 1949 procuratorem
1684 1894 1740 1934 ad

81 1967 442 2021 respondendum
463 1965 544 2007 sibi
568 1976 612 2007 et
633 1965 791 2006 ceteris
811 1964 1048 2005 ordinariis
1070 1974 1117 2004 ut
1140 1973 1205 2005 est
1226 1964 1371 2005 moris.

82 2142 158 2172 Oct.
177 2144 207 2171 8.

179 2196 414 2240 [Exchequer
428 2196 509 2229 writ
522 2195 563 2228 of
576 2196 826 2236 venirefacias
839 2194 975 2236 against
990 2194 1087 2237 John
1104 2194 1148 2226 de
1163 2193 1368 2237 Paynswik,
1381 2197 1504 2226 rector
1517 2192 1556 2226 of
1574 2192 1742 2235 Hal-tley,

84 2256 117 2287 in
136 2265 179 2287 an
199 2255 320 2288 action
339 2254 380 2287 of
400 2254 488 2287 debt
507 2254 578 2287 and
596 2253 744 2286 detinue
763 2252 921 2294 brought
941 2252 989 2296 by
1008 2252 1104 2296 John
1124 2252 1170 2285 de
1190 2252 1342 2286 Ectone.
1391 2252 1553 2284 Return:
1581 2251 1676 2294 john
1696 2251 1741 2283 de

86 2313 296 2357 Payneswik
318 2314 346 2345 is
364 2313 398 2345 in
417 2313 540 2356 prison
561 2313 596 2345 in
616 2311 791 2354 Newgate
809 2311 879 2344 and
899 2315 1034 2344 cannot
1053 2311 1098 2343 be
1117 2309 1243 2354 cited]

202 2381 448 2422 Edwardus
458 2381 469 2403 1
484 2379 554 2420 dei
569 2380 719 2435 gracia
734 2394 815 2420 rex
826 2379 995 2434 Anglie
1009 2389 1051 2420 et
1064 2379 1099 2418 F
1101 2378 1245 2419 rancie
1258 2387 1300 2419 et
1313 2377 1517 2419 dominus
1529 2376 1744 2417 Hibernie

86 2449 325 2493 venerabili
348 2449 390 2489 in
411 2448 591 2489 Christo
612 2448 728 2503 patri
753 2449 808 2489 H.
831 2448 987 2489 eadem
1009 2447 1159 2502 gracia
1176 2447 1392 2501 episcopo
1411 2445 1610 2487 Roffensi
1630 2445 1744 2486 salu-

87 2529 188 2560 tem.
270 2518 386 2568 Quia
433 2517 680 2558 vicecomes
729 2527 880 2557 noster
920 2516 1155 2558 comitatus
1197 2515 1366 2557 Kancie
1407 2514 1648 2556 retornavit
1688 2517 1743 2556 ad

88 2587 368 2629 Scaccarium
395 2596 595 2627 nostrum
624 2585 667 2625 in
695 2586 884 2626 crastino
915 2585 1054 2625 sancti
1086 2584 1313 2626 Michaelis
1344 2583 1501 2624 ultimo
1532 2583 1745 2637 preterito

88 2657 211 2710 quod
226 2655 452 2711 Johannes
473 2655 529 2695 de
551 2654 839 2707 Payneswik'‚
857 2667 1047 2708 persona
1069 2653 1249 2694 ecclesie
1271 2654 1326 2693 de
1348 2652 1544 2702 Hertele‚
1562 2652 1747 2693 clericus

88 2735 153 2766 est
173 2735 316 2767 vestre
338 2723 524 2764 diocesis
545 2734 588 2763 et
610 2722 779 2763 nullum
802 2722 933 2764 habet
950 2723 1109 2763 laicum
1126 2723 1306 2763 feodum
1324 2721 1367 2761 in
1384 2720 1545 2762 balliva
1565 2735 1645 2761 sua
1666 2735 1748 2775 per

91 2794 213 2847 quod
236 2803 382 2847 potest
404 2791 645 2841 attachiari,
667 2791 792 2833 vobis
814 2792 1072 2832 mandamus
1094 2791 1216 2844 quod
1237 2790 1388 2832 venire
1410 2790 1576 2830 faciatis
1597 2803 1746 2830 coram

88 2862 328 2903 baronibus
349 2864 404 2902 de
429 2860 659 2901 Scaccario
682 2870 833 2900 nostro
861 2861 1064 2914 predicto
1088 2859 1209 2913 apud
1236 2858 1680 2900 VVestmonasterium
1702 2859 1744 2898 in

89 2930 280 2972 crastino
297 2930 563 2970 Animarum
578 2929 593 2952 2
614 2929 834 2982 prefatum
847 2928 1095 2983 Johannem
1111 2929 1167 2968 ad
1184 2927 1543 2982 respondendum
1556 2927 1748 2982 Johanni

90 2999 146 3039 de
169 2999 354 3048 Ectone‚
375 2997 617 3039 camerario
638 2997 693 3037 de
725 2998 883 3038 eodem
914 2996 1146 3038 Scaccario
1177 3006 1341 3045 nostro,
1364 2996 1418 3036 de
1441 2995 1501 3035 xl.
1518 3010 1550 3035 s.
1574 3009 1687 3049 quos
1708 2995 1748 3035 ei

288 3133 298 3152 ¹
324 3133 459 3173 Mavgt'n
475 3144 482 3164 ε
508 3133 698 3172 Receptum
716 3133 805 3171 apud
824 3132 1045 3162 Trottesclive
1062 3132 1142 3170 xvij.
1164 3131 1337 3161 Kalendas
1355 3131 1566 3162 Novembris.

290 3188 301 3206 2
327 3188 483 3228 Μαι-ἕως
510 3187 769 3228 [Retornatum]
788 3187 847 3217 suit
864 3187 928 3217 isto
947 3188 1057 3218 modo.
