1925 3451
71 208 168 240 A.D.
195 209 209 238 1
225 191 339 255 342]
647 192 877 254 Episcopi
912 191 1149 253 Roffensz‘s
1645 205 1718 243 701

70 324 167 378 ipso
184 336 367 366 vacante
389 325 471 366 sibi
493 326 717 379 provisum
741 325 884 378 fuerit,
906 325 947 365 in
963 324 1222 366 canonicum
1244 323 1381 377 recipi
1398 333 1441 364 et
1459 324 1501 363 in
1520 325 1720 374 fratrem;

71 407 161 434 non
202 394 404 434 obstante
444 394 480 434 si
519 394 668 448 aliqui,
710 404 858 435 nostra
898 394 966 435 vel
1009 394 1374 448 predecessorum
1414 393 1717 433 Romanorum

69 461 328 516 pontificum
349 463 620 513 auctoritate,
644 462 894 516 hujusmodi
916 461 1128 503 beneficia
1156 462 1212 501 ad
1239 461 1457 502 dictorum
1486 461 1646 514 prioris
1678 472 1722 502 et

69 530 247 585 capituli
279 530 564 572 collacionem
594 532 664 573 vel
695 531 1075 585 presentacionem
1101 530 1359 583 spectancia.
1382 541 1471 570 tam
1496 529 1540 569 in
1569 530 1720 584 hujus-

70 600 187 639 modi
210 614 458 653 pauperum
475 614 608 654 quam
630 600 713 640 alia
735 615 1000 654 quacunque
1022 600 1162 640 forma
1175 598 1454 653 provisionis,
1468 609 1720 652 expectent,

68 668 228 722 quibus
248 668 455 709 omnibus
475 679 757 723 preterquam
779 668 1057 710 auctoritate1
1078 678 1226 709 nostra
1242 667 1493 721 hujusmodi
1511 667 1722 708 beneficia

68 737 407 790 expectantibus
439 737 604 778 dictum
637 737 842 778 clericum
875 738 916 778 in
944 737 1225 778 assecucione
1251 735 1501 790 hujusmodi
1523 736 1723 777 beneficii

69 806 271 846 volumus
302 806 522 857 anteferri,
555 818 619 847 set
650 807 819 848 nullum
853 821 932 860 per
965 806 1049 846 hoc
1080 806 1144 846 eis
1176 805 1356 859 quoad2
1392 805 1719 846 assecucionem

68 874 255 915 aliorum
292 875 608 916 beneficiorum
646 875 936 930 prejudicium
969 874 1184 929 generari,
1217 885 1292 915 aut
1331 874 1367 914 si
1408 874 1627 928 aliquibus
1663 875 1718 915 de

68 943 293 983 beneficiis
314 942 613 985 ecclesiasticis
635 944 691 984 ad
716 944 856 984 dictos
878 944 1072 997 priorem
1094 954 1136 983 et
1159 942 1401 996 capitulum
1422 943 1721 996 spectantibus

68 1026 151 1066 per
184 1022 354 1053 nostras
386 1012 532 1053 literas
562 1013 615 1053 sit
646 1013 889 1066 provisum,
912 1027 988 1053 seu
1020 1012 1054 1052 si
1082 1012 1247 1052 eisdem
1278 1012 1416 1066 priori
1453 1021 1497 1053 et
1527 1012 1722 1066 capitulo

67 1080 138 1122 Vel
160 1081 361 1135 personis
382 1081 522 1135 ipsius
542 1081 723 1122 ecclesie
747 1082 788 1121 in
818 1096 907 1135 qua
934 1081 1016 1121 sibi
1046 1081 1272 1135 provideri
1305 1080 1539 1135 contigerit
1568 1095 1593 1121 a
1619 1081 1722 1122 sede

68 1149 312 1203 apostolica
353 1150 407 1190 sit
447 1150 663 1191 indultum
712 1151 833 1203 quod
873 1151 929 1190 ad
970 1150 1273 1203 recepcionem
1313 1149 1383 1190 vel
1423 1149 1722 1203 provisionem

68 1218 251 1272 alicujus
272 1218 450 1259 minime
471 1229 714 1270 teneantur,
734 1219 944 1273 quodque
965 1219 1021 1259 ad
1043 1219 1086 1258 id
1108 1217 1329 1272 compelli,
1349 1229 1424 1258 aut
1446 1219 1567 1272 quod
1589 1218 1724 1259 inter-

68 1287 167 1337 dici,
193 1288 415 1341 suspendi,
439 1287 510 1329 vel
536 1288 909 1329 excommunicari
939 1302 1026 1328 non
1059 1287 1242 1341 possint,
1265 1288 1334 1328 vel
1366 1287 1488 1341 quod
1516 1287 1571 1327 de
1592 1287 1722 1328 bene-

68 1357 178 1398 ficiis
209 1358 263 1397 ad
295 1371 449 1397 eorum
482 1355 767 1397 collacionem
799 1356 868 1397 vel
900 1355 1279 1409 presentacionem
1310 1355 1609 1409 spectantibus
1636 1368 1723 1395 non

69 1426 207 1480 possit
248 1426 470 1480 aliquibus
506 1425 730 1479 provideri
773 1439 854 1479 per
893 1425 1039 1465 literas
1081 1424 1345 1477 apostolicas
1387 1438 1474 1464 non
1516 1424 1724 1464 facientes

69 1494 245 1550 plenam
286 1505 330 1535 et
377 1508 633 1548 expressam
680 1494 735 1534 de
786 1494 959 1534 indulto
1007 1492 1259 1547 hujusmodi
1304 1492 1591 1541 mencionem,
1633 1492 1724 1534 sive

69 1564 262 1618 qualibet
293 1563 376 1604 alia
406 1564 574 1617 prefate
605 1563 719 1603 sedis
751 1562 1029 1616 indulgencia
1056 1562 1355 1616 cujuscunque
1379 1561 1541 1602 tenoris
1563 1561 1725 1601 existat

69 1648 151 1687 per
171 1647 303 1687 quam
326 1633 507 1673 effectus
528 1632 807 1685 presencium
830 1631 1033 1686 impediri
1055 1632 1195 1673 valeat
1209 1630 1279 1672 vel
1301 1630 1479 1678 differri,
1496 1640 1539 1670 et
1559 1630 1614 1670 de
1637 1644 1725 1683 qua

70 1702 113 1742 in
138 1702 295 1742 nostris
311 1701 449 1742 literis
470 1700 742 1741 mencionem
761 1701 854 1740 fieri
869 1709 1073 1754 oporteat
1089 1699 1322 1754 specialem
1342 1716 1349 1750 ;
1381 1699 1726 1739 contradictores

72 1786 152 1824 per
172 1784 404 1811 censuram
426 1769 762 1811 ecclesiasticam
783 1769 1092 1824 appellacione
1118 1768 1368 1822 postposita
1393 1767 1700 1822 compellendo
1718 1781 1725 1817 3

71 1840 130 1879 ita
151 1850 296 1880 tamen
320 1839 441 1893 quod
464 1839 578 1879 idem
601 1838 796 1888 clericus,
817 1848 949 1892 prout
972 1838 1166 1891 requiret
1188 1851 1299 1878 onus
1321 1837 1519 1878 beneficii
1547 1837 1603 1877 de
1635 1851 1725 1890 quo

71 1909 111 1949 ei
142 1908 370 1962 provisum
406 1907 549 1957 fuerit,
581 1908 636 1948 ad
667 1908 845 1948 ordines
876 1922 921 1947 se
954 1908 1082 1947 faciat
1113 1906 1285 1947 statutis
1317 1906 1590 1959 temporibus
1620 1920 1723 1959 pro-

72 1977 240 2019 moveri
271 1987 313 2017 et
344 1976 634 2031 personaliter
663 1976 849 2016 resideat
881 1977 925 2016 in
956 1976 1138 2017 eodem:
1173 1975 1427 2016 mandatum
1460 1986 1656 2015 nostrum
1680 1975 1723 2013 in

73 2047 151 2087 hac
172 2056 297 2100 parte
323 2045 464 2086 taliter
485 2044 746 2098 impleturus
767 2045 888 2098 quod
911 2045 953 2085 in
975 2059 1028 2085 eo
1050 2044 1317 2099 impensasse
1339 2043 1530 2084 lauderis
1558 2042 1724 2083 miseri-

71 2115 264 2157 cordiam
290 2114 478 2169 pauperi
500 2125 543 2155 et
563 2114 865 2155 obedienciam
888 2113 1147 2154 mandatori.
1200 2113 1417 2154 Volumus
1434 2123 1580 2152 autem
1604 2113 1726 2165 quod

73 2198 225 2226 omnes
261 2183 345 2224 alie
373 2183 497 2224 litere
525 2197 551 2223 a
582 2183 685 2223 sede
717 2182 917 2237 predicta
945 2183 1015 2224 vel
1045 2182 1138 2236 ejus
1170 2182 1318 2236 legato
1350 2196 1427 2222 seu
1458 2180 1725 2235 quibuslibet

71 2253 165 2293 aliis
196 2253 375 2293 obtente
409 2266 579 2293 necnon
612 2252 928 2306 promissiones
956 2263 999 2293 et
1022 2251 1321 2306 obligaciones
1342 2265 1367 2290 a
1389 2251 1725 2304 quibuscunque

74 2322 274 2376 personis
296 2322 407 2362 facte
428 2336 562 2375 super
583 2321 721 2375 ipsius
742 2321 885 2362 clerici
907 2321 1160 2375 provisione
1181 2321 1267 2361 sint
1299 2319 1488 2360 invalide
1516 2319 1726 2373 omnique

73 2402 250 2433 careant
271 2390 490 2432 firmitate.
545 2391 755 2431 Ceterum
774 2391 1017 2431 districcius
1039 2390 1290 2430 inhibemus
1313 2403 1366 2429 ne
1380 2389 1551 2442 prefato
1568 2388 1727 2429 clerico

72 2460 332 2502 auctoritate
366 2460 642 2513 presencium
676 2460 719 2500 in
761 2460 999 2501 cathedrali
1031 2459 1308 2513 aliquatenus
1341 2457 1629 2511 provideatur
1655 2472 1724 2497 ec-

74 2527 215 2576 clesia,
236 2526 305 2568 vel
327 2526 382 2566 de
405 2526 635 2580 cujuslibet
656 2525 837 2567 ecclesie
858 2525 1089 2580 collegiate
1111 2525 1336 2579 prebenda
1353 2522 1423 2564 vel
1444 2523 1529 2563 alio
1551 2522 1725 2563 ecclesi-

73 2595 209 2637 astico
259 2595 472 2636 beneficio
512 2595 604 2635 sine
650 2609 755 2636 cura
797 2596 920 2649 cujus
968 2595 1165 2635 redditus
1205 2604 1248 2634 et
1301 2602 1545 2646 proventus
1593 2592 1726 2632 annui

75 2664 326 2718 quindecim
356 2678 600 2704 marcarum
628 2664 943 2718 sterlingorum
971 2678 1202 2714 summam,
1230 2662 1320 2703 sive
1343 2662 1397 2701 de
1426 2660 1574 2713 aliqua
1595 2674 1725 2714 paro-

74 2733 203 2774 chiali
234 2732 416 2773 ecclesia
437 2732 506 2773 vel
537 2732 689 2786 aliquo
714 2733 928 2774 beneficio
956 2748 1104 2773 curam
1125 2732 1370 2772 animarum
1392 2730 1580 2769 habente
1603 2729 1727 2782 cujus

75 2802 272 2842 redditus
304 2811 347 2841 et
381 2812 624 2854 proventus
659 2801 791 2841 annui
829 2802 988 2855 viginti
1026 2815 1271 2842 marcarum
1311 2798 1508 2852 ejusdem
1549 2808 1727 2838 monete

76 2885 267 2911 annuam
282 2870 570 2924 quantitatem
591 2870 820 2910 excedant.
861 2870 1068 2911 Valorem
1093 2880 1239 2910 autem
1255 2882 1449 2907 annuum
1473 2865 1727 2919 hujusmodi

76 2939 298 2980 redituum
320 2949 362 2979 et
383 2949 679 2992 proventuum
702 2938 975 2979 declaramus
995 2949 1038 2979 et
1070 2937 1221 2978 haberi
1243 2936 1447 2978 volumus
1475 2935 1726 2975 estimatum

78 3018 210 3062 prout
231 3009 286 3049 de
302 3007 386 3048 illis
402 3007 645 3048 secundum
667 3007 943 3048 taxacionem
959 3007 1027 3048 vel
1045 3006 1151 3047 alias
1172 3019 1256 3059 pro
1278 3004 1445 3045 decima
1459 3014 1523 3044 est
1537 3003 1726 3057 amplius

342 3170 353 3190 ¹
379 3170 457 3201 MS.
475 3171 719 3201 auctoritatem.
1186 3169 1197 3188 ²
1222 3169 1297 3200 MS.
1317 3179 1382 3208 qua
1400 3168 1452 3198 ad.
