1925 3451
176 171 256 208 680
714 165 1002 227 Regislrum
1039 163 1292 210 Hamom‘s
1560 162 1677 226 [A.D.
1704 178 1825 222 1342

176 299 411 353 magistros
452 297 737 338 Wilhelmum
776 297 829 336 de
872 295 1164 336 Burnalstone
1204 305 1247 336 et
1283 294 1562 349 Stephanum
1595 293 1825 347 Northeye

175 367 356 408 clericos
386 377 429 407 et
454 365 694 420 quemlibet
723 379 877 406 eorum
909 363 1160 412 insolidum,
1189 363 1251 404 ita
1278 363 1400 416 quod
1433 377 1520 403 non
1547 363 1601 404 sit
1623 362 1824 404 condicio

176 435 331 476 melior
347 433 616 488 occupantis,
641 444 815 474 nostros
832 432 1138 473 constituimus
1155 442 1467 486 procuratores
1482 446 1562 485 per
1579 441 1824 485 presentes;

176 505 330 544 dantes
352 514 394 543 et
415 503 707 544 concedentes
728 501 894 542 eisdem
917 511 959 541 et
985 515 1140 542 eorum
1162 501 1340 541 cuilibet
1361 500 1536 554 plenam
1558 508 1823 554 potestatem

175 583 217 613 et
249 573 505 613 mandatum
536 571 727 625 speciale
758 570 934 610 nomine
967 580 1119 610 nostro
1151 569 1195 610 in
1226 569 1576 623 quibuscumque
1607 568 1750 609 causis
1781 578 1826 609 et

176 641 371 695 negociis
402 639 665 693 hujusmodi,
688 653 738 679 ac
767 638 1122 692 dependentibus
1150 648 1193 678 et
1219 638 1548 692 emergentibus
1575 653 1635 678 ex
1659 637 1823 678 eisdem

174 710 216 749 in
248 709 444 764 predicta
474 708 594 749 curia
621 708 798 762 agendi,
827 707 1105 758 defendendi,
1129 706 1394 761 excipiendi,
1425 706 1677 761 replicandi,
1705 705 1825 746 litem

174 777 457 826 contestandi,
501 777 803 831 juramentum
846 776 901 816 de
943 775 1191 830 calumpnia
1239 785 1281 816 et
1321 775 1506 816 veritate
1548 775 1734 816 dicenda
1774 789 1824 816 ac

173 846 399 900 quodlibet
420 845 537 886 aliud
559 859 700 899 genus
721 845 825 885 liciti
840 845 1079 899 juramenti
1102 844 1144 884 in
1165 844 1355 885 animam
1379 855 1571 885 nostram
1589 842 1825 898 prestandi,

172 915 382 969 ponendi,
398 914 697 969 posicionibus
713 913 1023 967 respondendi,
1039 924 1168 954 testes
1182 923 1226 954 et
1242 913 1533 954 instrumenta
1548 912 1825 967 producendi

172 994 214 1024 et
236 984 488 1034 exhibendi,
511 982 692 1023 crimina
714 993 756 1023 et
777 983 971 1023 defectus
992 982 1211 1023 obiciendi
1238 993 1281 1023 et
1303 983 1488 1037 objectis
1509 981 1824 1036 respondendi,

172 1063 310 1093 status
338 1052 473 1093 nostri
502 1052 867 1093 reformacionem
893 1051 1150 1106 simpliciter
1178 1061 1220 1092 et
1244 1053 1300 1092 ad
1328 1051 1540 1093 cautelam
1569 1063 1612 1092 et
1641 1051 1684 1091 in
1713 1050 1823 1091 inte-

171 1137 301 1176 grum
316 1121 959 1175 restitucionem‚dampnorum
974 1120 1315 1170 estimacionem,
1326 1134 1543 1174 expensas
1559 1130 1600 1160 et
1615 1120 1823 1161 interesse

172 1191 348 1244 petendi
379 1200 423 1230 et
452 1189 706 1244 recipiendi,
739 1189 1012 1243 provocandi
1046 1200 1089 1230 et
1117 1189 1388 1244 appellandi,
1410 1189 1754 1244 provocaciones
1779 1199 1823 1229 et

169 1258 496 1314 appellaciones
528 1258 791 1305 notificandi,
822 1268 865 1298 et
896 1258 1147 1310 innovandi,
1182 1259 1554 1313 provocacionum
1590 1269 1633 1299 et
1666 1257 1821 1311 appel-

169 1327 386 1369 lacionum
430 1342 581 1369 causas
626 1328 940 1382 prosequendi,
988 1327 1121 1368 alium
1162 1338 1493 1382 procuratorem
1534 1326 1631 1368 loco
1672 1327 1739 1367 sui
1780 1336 1824 1367 et

170 1411 324 1438 eorum
346 1396 578 1450 cujuslibet
599 1397 643 1436 in
666 1396 890 1451 premissis
910 1407 952 1437 et
980 1411 1133 1437 eorum
1165 1397 1362 1450 quolibet
1391 1396 1696 1446 substituendi,
1720 1396 1819 1436 sub-

170 1466 365 1507 stitutum
388 1465 639 1520 hujusmodi
662 1465 894 1506 revocandi
916 1480 965 1506 ac
983 1465 1283 1519 procuratoris
1298 1465 1489 1506 officium
1512 1464 1824 1512 reassumendi‚

169 1535 379 1588 quociens
413 1545 457 1575 et
497 1535 676 1588 quando
711 1535 793 1575 sibi
829 1546 871 1575 et
907 1549 1062 1575 eorum
1096 1534 1272 1575 cuilibet
1308 1535 1529 1576 videbitur
1568 1533 1812 1588 expedire;

168 1604 478 1644 consenciendi
500 1603 681 1657 insuper
711 1614 758 1644 ut
787 1603 952 1645 omisso
978 1603 1209 1658 cujuslibet
1230 1603 1547 1658 appellacionis
1568 1602 1751 1644 articulo
1773 1602 1817 1642 in

170 1671 365 1725 negociis
387 1671 706 1726 principalibus
736 1687 822 1726 que
850 1687 908 1713 ex
934 1673 1294 1727 suggestionibus
1316 1687 1341 1713 a
1368 1673 1488 1714 curia
1515 1672 1822 1713 Cantuariensi

168 1755 249 1794 per
281 1741 406 1781 nobis
436 1741 506 1782 vel
535 1751 689 1782 contra
720 1755 800 1781 nos
826 1741 1072 1795 impetratis
1102 1756 1179 1783 seu
1209 1743 1497 1796 impetrandis
1519 1743 1575 1782 de
1600 1741 1700 1795 jure
1721 1741 1818 1782 elici

168 1819 378 1863 poterunt
400 1809 469 1851 vel
496 1810 728 1859 debebunt,
751 1809 794 1850 in
811 1810 928 1851 dicta
953 1811 1071 1851 curia
1092 1812 1372 1865 procedatur,
1394 1821 1437 1851 et
1458 1811 1501 1851 in
1530 1811 1695 1851 eisdem
1716 1824 1820 1864 pro-

167 1878 364 1928 cedendi,
387 1892 437 1919 ac
458 1878 606 1919 onmia
622 1878 705 1918 alia
726 1889 769 1919 et
790 1879 965 1933 singula
986 1880 1172 1920 faciendi
1205 1890 1249 1920 et
1270 1880 1508 1921 exercendi
1531 1880 1573 1920 in
1597 1879 1820 1934 premissis

168 1957 211 1987 et
232 1961 284 1987 ea
305 1948 632 2001 contigentibus
653 1962 740 2001 que
762 1962 842 2001 per
864 1963 1017 1989 verum
1039 1959 1083 1989 et
1104 1948 1351 2003 legitimum
1374 1959 1708 2003 procuratorem
1726 1948 1820 1988 fieri

167 2027 375 2070 poterunt
406 2016 476 2057 vel
501 2017 713 2066 exerceri,
742 2017 879 2057 eciam
911 2017 947 2058 si
976 2018 1230 2059 mandatum
1259 2018 1445 2072 exigant
1474 2018 1671 2072 speciale.
1735 2017 1820 2059 Pro

167 2085 333 2125 eisdem
355 2099 462 2126 vero
484 2085 845 2139 procuratoribus
868 2086 1028 2126 nostris
1050 2097 1092 2126 et
1121 2100 1273 2127 eorum
1296 2086 1494 2141 quolibet
1517 2101 1687 2127 necnon
1717 2087 1818 2127 sub-

167 2154 320 2194 stituto
340 2168 391 2194 ac
412 2154 721 2195 substituendo
741 2168 1023 2208 quocumque
1050 2157 1105 2195 ab
1137 2156 1242 2209 ipsis
1263 2166 1306 2196 et
1334 2155 1531 2210 quolibet
1559 2156 1818 2196 eorumdem

168 2236 260 2262 rem
292 2232 430 2262 ratam
464 2223 615 2263 haberi
646 2233 689 2263 et
713 2223 958 2277 judicatum
991 2224 1101 2264 solvi
1134 2225 1442 2278 promittimus,
1476 2235 1519 2264 et
1549 2224 1819 2278 exponimus

167 2291 395 2332 cauciones
416 2293 498 2332 sub
515 2306 661 2332 rerum
684 2302 930 2332 nostrarum
944 2293 1141 2333 omnium
1158 2294 1403 2347 ypotheca;
1429 2307 1517 2334 non
1540 2294 1816 2334 intendentes

169 2361 423 2400 mandatum
461 2360 640 2414 aliquod
676 2360 934 2414 cuicumque
966 2362 1242 2415 procuratori
1280 2374 1432 2404 nostro
1464 2376 1544 2416 per
1580 2376 1660 2403 nos
1697 2362 1820 2416 prius

168 2429 328 2470 factum
351 2444 427 2470 seu
444 2443 698 2471 concessum
714 2444 792 2483 per
809 2444 989 2483 presens
1004 2431 1255 2471 mandatum
1273 2445 1479 2472 revocare
1492 2432 1648 2484 quovis
1670 2432 1819 2473 modo.

170 2498 217 2537 In
254 2499 379 2552 cujus
416 2498 477 2539 rei
512 2498 809 2539 testimonium
846 2498 1039 2552 sigillum
1078 2509 1274 2540 nostrum
1308 2500 1490 2540 fecimus
1524 2500 1608 2541 hiis
1638 2500 1820 2554 apponi.

169 2567 282 2607 Date
303 2567 423 2620 apud
445 2567 741 2608 Trottesclive
762 2567 836 2609 vi0.
856 2567 959 2607 Idus
987 2567 1092 2608 Maii
1113 2582 1231 2608 anno
1252 2568 1419 2608 domini
1437 2568 1669 2610 millesimo
1683 2575 1819 2611 eccum.

167 2635 508 2690 quadragesimo
531 2636 737 2677 secundo.

823 2816 895 2856 De
913 2814 1160 2857 studendo.

170 2882 248 2922 May
270 2893 316 2921 17.

265 2936 437 2980 [Licence
457 2944 494 2971 to
514 2938 678 2971 Thomas
698 2938 944 2982 Schephcrde‚
964 2943 1085 2972 rector
1110 2940 1151 2972 os
1176 2941 1288 2973 Foots
1312 2941 1417 2984 Cray,
1439 2945 1478 2974 to
1503 2942 1610 2985 study
1630 2946 1664 2974 at
1689 2952 1708 2974 a
1734 2941 1815 2974 uni-

169 2996 302 3039 vcrsity
322 2995 378 3028 sor
396 3008 465 3029 one
486 2996 597 3040 year]

285 3065 623 3105 Memorandum
638 3065 759 3119 quod
776 3064 883 3118 xvj⁴‘’.
907 3066 1272 3121 KalendasJunii‚
1287 3081 1404 3108 anno
1421 3067 1588 3108 domini
1606 3068 1816 3121 proximo

169 3133 434 3184 supradicto,
476 3134 680 3175 dominus
720 3134 988 3187 dispensavit
1029 3149 1128 3175 cum
1169 3135 1345 3176 Thoma
1385 3136 1505 3178 dicto
1548 3136 1822 3190 Scheperde,
