1925 3451
156 186 237 235 664
696 181 983 242 Regz'strum
1020 181 1087 227 H
1082 179 1269 226 amonis
1527 178 1593 243 [A.
1602 198 1647 228 D.
1684 197 1699 227 1
1713 196 1809 241 340

154 315 253 356 fecit
296 329 428 355 unam
470 313 822 356 commissionem
866 313 1082 368 magistro
1124 312 1226 353 Ade
1267 312 1569 366 Murymouth,
1611 313 1693 354 sub
1727 313 1808 355 hac

155 385 296 425 forma
312 398 380 424 2-—

155 474 231 506 Oct.
250 476 281 506 6.

274 540 430 580 Frater
456 539 606 579 Hamo
630 537 722 594 [etc.
742 551 796 579 as
817 538 956 579 above
975 542 1021 590 p.
1041 537 1140 588 661,
1163 536 1340 578 mutatis
1366 538 1597 587 mutandis,
1616 538 1807 594 endmg]

158 608 321 648 Datum
342 607 463 662 apud
484 606 790 655 Trottesclive‚
812 605 956 660 pridie
977 607 1131 647 Nonas
1153 605 1359 647 Octobris
1380 620 1499 647 anno
1520 607 1687 647 domini
1714 606 1809 648 mil-

154 676 308 717 lesimo
329 682 465 716 cccmo.
488 674 845 730 quadragesimo.

840 869 881 911 C
879 871 1134 921 ertgficczcz'o.

155 940 240 970 Nov.
264 950 313 970 12.

271 995 471 1045 Quarum
500 993 761 1035 auctoritate
785 992 1011 1034 literarum
1036 993 1126 1049 [ele.
1142 1008 1194 1035 as
1210 994 1358 1044 above,
1381 994 1557 1035 mutatis
1579 994 1811 1044 mutandis,

155 1065 429 1118 continuing
444 1062 556 1104 wille
573 1063 649 1103 tlae
662 1064 800 1103 [aller
810 1066 935 1114 part
947 1063 1008 1115 (gf
1010 1063 1057 1103 A
1064 1063 1214 1104 dam's
1234 1064 1491 1114 cerlfflcate‚
1509 1065 1608 1105 and
1623 1063 1810 1118 ending]

155 1132 205 1172 In
235 1133 302 1187 cuj
310 1147 358 1173 us
383 1132 446 1172 rei
478 1131 775 1173 testimonium
806 1130 998 1185 sigillum
1029 1131 1309 1173 officialitatis
1339 1132 1460 1173 curie
1482 1131 1813 1173 Cantuariensis

153 1201 433 1255 presentibus
453 1209 519 1242 est
539 1214 799 1254 appensum.
861 1200 975 1241 Date
989 1200 1237 1251 Londonie,
1251 1201 1394 1255 pridie
1412 1201 1515 1242 Idus
1533 1200 1810 1251 Novembris,

155 1283 272 1312 anno
294 1268 462 1311 domini
483 1269 754 1323 supradicto.

156 1383 241 1414 Nov.
262 1393 312 1421 13.

271 1439 376 1492 Ipso
398 1437 534 1492 igitur
555 1450 766 1492 processu
789 1450 939 1478 coram
969 1437 1152 1478 domino
1184 1436 1382 1479 Roffensi
1414 1436 1645 1492 episcopo,
1667 1437 1710 1477 in
1742 1451 1812 1478 ca-

153 1506 270 1562 pella
304 1521 382 1547 sua
416 1507 537 1561 apud
573 1505 875 1556 Trottesclive,
911 1505 1060 1546 Idibus
1094 1506 1361 1548 Novembris
1396 1520 1513 1547 anno
1549 1520 1640 1560 quo
1679 1521 1814 1561 supra

154 1576 366 1624 exhibito,
390 1575 505 1616 idem
527 1574 734 1616 dominus
757 1575 965 1629 Rogerus
987 1575 1042 1615 de
1065 1575 1372 1629 Frendesbery
1379 1575 1547 1630 juravit
1561 1575 1680 1616 dicto
1697 1575 1814 1630 patri

152 1645 335 1686 domino
357 1644 557 1685 Roffensi
584 1644 800 1699 episcopo
833 1643 1138 1685 obedienciam
1169 1644 1426 1685 canonicam
1460 1645 1503 1684 in
1536 1645 1680 1685 forma
1710 1659 1813 1686 con-

153 1724 288 1764 sueta,
323 1724 367 1754 et
406 1713 553 1754 statim
593 1712 814 1754 emanavit
854 1713 1110 1754 mandatum
1152 1713 1320 1754 domini
1361 1714 1418 1754 ad
1458 1713 1814 1755 archidiaconum

155 1784 408 1824 Roffensem
431 1792 478 1823 ut
500 1782 645 1836 ipsum
670 1783 899 1836 Rogerum
922 1781 966 1822 in
989 1781 1270 1836 corporalem
1288 1782 1614 1837 possessionem
1633 1783 1814 1824 duceret

154 1851 335 1892 ecclesie
356 1852 411 1892 de
434 1851 572 1905 Legh’
596 1849 805 1904 predicte.

388 2052 940 2105 Dz'spensaczosolzanm's
960 2053 1023 2093 M
1021 2054 1243 2094 arescallz'
1255 2054 1311 2094 de
1330 2053 1597 2106 Dertcfforcz'.

158 2134 250 2166 Nov.
293 2158 298 2163 .

251 2144 951 2232 [lMspensaffion‚h1accordancexvsth
978 2188 1401 2222 axnandauefronithe
1427 2189 1808 2234 Papalpenstenffiary

154 2252 194 2281 to
212 2247 320 2291 Johrn
339 2246 452 2280 cassed
474 2246 643 2287 hlarshah
662 2244 1009 2287 ofIDartfisrd‚xvho
1026 2246 1198 2280 obtained
1218 2247 1282 2280 the
1300 2247 1436 2280 church
1454 2247 1495 2281 of
1518 2247 1758 2292 St.(}regory
1777 2254 1813 2282 at

159 2306 288 2347 Rome,
307 2305 376 2338 and
395 2315 467 2338 was
485 2303 658 2337 ordained
675 2304 896 2347 subdeacon,
915 2304 1066 2347 deacon,
1086 2304 1156 2337 and
1183 2305 1292 2348 priest
1310 2305 1464 2338 without
1489 2305 1552 2339 the
1577 2306 1675 2340 leave
1701 2306 1742 2340 of
1759 2306 1814 2340 his

155 2364 309 2407 bishop.]

274 2433 428 2473 Frater
452 2432 508 2472 H.
533 2431 632 2472 ete.l
664 2431 828 2472 dilecto
860 2431 950 2472 filio
973 2431 1164 2487 Johanni
1199 2431 1461 2473 Marescallo
1490 2433 1545 2474 de
1574 2434 1814 2475 Derteford

157 2512 304 2542 nostre
322 2500 542 2542 Roffensis
558 2500 757 2549 diocesis,
775 2499 960 2541 salutem
977 2500 1169 2554 graciam
1183 2510 1227 2541 et
1240 2501 1608 2544 benediccionem.
1644 2503 1815 2543 Literas

156 2570 385 2613 reverendi
408 2569 548 2624 patris
570 2579 614 2609 et
635 2568 804 2609 domini
826 2569 994 2610 domini
1012 2569 1027 2592 2
1046 2569 1275 2610 Gaucelmi
1289 2570 1361 2611 dei
1377 2571 1527 2625 gracia
1544 2570 1812 2613 Albanensis

155 2639 367 2694 episcopi,
388 2638 556 2679 domini
580 2647 728 2679 nostre
750 2652 866 2692 pape
888 2638 1201 2692 penstenciarii,
1222 2653 1303 2693 per
1325 2649 1368 2680 te
1391 2639 1519 2681 nobis
1540 2650 1812 2694 presentatas

155 2708 403 2762 recepimus
425 2718 626 2748 tenorem
648 2706 724 2760 qui
746 2708 946 2760 sequitur
966 2707 1268 2749 continentes:

157 2822 239 2852 Mar.
264 2832 312 2860 19.

270 2886 524 2928 Venerabili
548 2887 591 2927 in
615 2885 794 2927 Christo
817 2886 930 2941 patri
955 2920 962 2927 .
988 2921 997 2929 .
1019 2885 1089 2926 dei
1111 2886 1261 2940 gracia
1282 2887 1497 2941 episcopo
1519 2887 1717 2929 Roffensi
1739 2888 1810 2930 vel

153 2954 248 3008 ejus
277 2955 439 2996 vicario
470 2956 513 2996 in
546 2954 846 3009 spiritualibus
874 2954 1141 2995 Gaucelmus
1173 2955 1458 2997 miseracione
1490 2956 1640 2998 divina
1670 2955 1808 2998 Alba-

155 3023 299 3064 nensis
330 3023 581 3078 episcopus,
612 3024 796 3064 salutem
829 3034 871 3064 et
902 3023 1113 3064 sinceram
1148 3023 1190 3063 in
1214 3024 1395 3066 domino
1417 3024 1651 3066 caritatem.
1715 3025 1810 3067 Sua

508 3158 519 3178 ¹
542 3158 615 3190 MS.
636 3164 680 3191 et.
1251 3159 1263 3178 ‘⁶'
1286 3159 1474 3191 Interlined.
