1925 3451
92 184 190 214 A.D.
218 183 234 212 1
247 164 362 227 342]
666 163 897 226 Episcopi
928 161 1168 223 Rcffetzsz's
1668 163 1746 211 687

93 298 294 352 predicto
314 298 461 339 officio
483 298 720 338 decanatus
743 296 964 337 Roffensis
990 295 1222 335 dominum
1253 294 1514 343 Robertum,
1536 291 1747 333 vicarium

93 367 149 407 de
169 366 505 421 Kyngesdoun'‚
521 376 564 406 et
580 365 775 419 sigillum
790 363 923 405 officii
940 362 1194 418 hujusmodi
1211 361 1294 402 sibi
1312 360 1499 401 tradidit.
1552 360 1610 400 Et
1631 359 1748 400 idem

93 435 298 476 dominus
334 435 558 476 Robertus
588 433 821 488 corporale
852 432 1043 487 prestitit
1069 431 1367 486 juramentum
1400 430 1523 484 quod
1555 429 1749 469 officium

94 503 346 558 hujusmodi
376 503 566 544 fideliter
591 512 852 556 exequetur,
881 512 923 542 et
952 500 1210 542 certificabit
1237 509 1283 540 et
1311 498 1394 540 alia
1427 497 1554 539 faciet
1582 512 1669 550 que
1694 497 1749 537 ad

94 570 284 612 officium
307 569 530 624 pertinent
550 568 869 623 supradictum.

773 783 830 823 N
826 783 1066 822 etelestede.

99 852 174 882 Oct.
192 854 245 883 26.

194 906 406 940 Institution
424 905 465 939 of
480 906 642 939 William
667 906 711 939 de
736 905 889 949 Pympe,
906 905 977 940 clk.
996 909 1036 938 to
1056 903 1289 938 Nettlestead
1310 904 1353 937 R.
1373 904 1421 948 by
1438 915 1567 948 proxy,
1588 904 1753 937 Thomas

95 966 130 999 le
162 966 279 1000 Hore.
330 965 489 998 Patron:
527 964 643 1008 Philip
676 964 823 1008 Pympe.
876 963 972 996 Oath
1003 962 1044 996 of
1072 963 1273 996 obedience
1304 963 1351 1006 by
1382 967 1542 1006 proctor.
1595 962 1755 1005 Halling.

99 1023 291 1068 Satmday,
310 1023 369 1067 vij.
391 1022 471 1056 Kal.
493 1022 586 1056 Nov.

786 1182 1064 1223 Pffolzz'bz'cz'o.

99 1252 194 1292 Sept.
216 1262 243 1284 1.

99 1306 344 1352 [Prohibition
377 1312 416 1340 to
445 1307 508 1340 the
537 1306 665 1350 bishop
698 1310 738 1339 to
770 1306 934 1340 institute
963 1310 1002 1338 to
1035 1304 1263 1338 Nettlestead
1298 1305 1341 1339 R.
1373 1305 1529 1348 pending
1559 1317 1601 1338 an
1634 1305 1754 1339 action

97 1366 267 1399 between
288 1365 385 1409 John
404 1365 449 1398 de
469 1365 620 1398 Colonia
638 1365 707 1398 and
728 1364 845 1408 Philip
863 1364 908 1397 de
928 1364 1079 1408 Pympe,
1099 1363 1151 1397 kt.
1170 1375 1207 1396 as
1224 1368 1262 1397 to
1280 1363 1344 1396 the
1363 1363 1585 1408 advowson.]

215 1433 463 1474 Edwardus
476 1433 547 1474 dei
564 1433 713 1488 gracia
727 1448 809 1473 rex
824 1432 990 1487 Anglie
1005 1443 1047 1473 et
1062 1431 1249 1472 Francie
1264 1442 1307 1473 et
1320 1432 1526 1473 dominus
1542 1431 1757 1472 Hibernie

98 1502 337 1545 venerabili
359 1502 402 1542 in
424 1502 606 1543 Christo
627 1502 740 1556 patri
764 1502 820 1543 H.
840 1503 995 1543 eadem
1017 1501 1167 1555 gracia
1190 1501 1388 1542 Roffensi
1410 1501 1621 1555 episcopo
1642 1500 1754 1541 salu-

99 1582 200 1612 tem.
262 1571 553 1612 Prohibemus
584 1571 709 1613 vobis
742 1585 795 1611 ne
826 1570 1067 1611 admittatis
1095 1584 1329 1624 personam
1357 1570 1413 1610 ad
1444 1569 1673 1611 ecclesiam
1700 1570 1757 1610 de

99 1640 360 1690 Nettlested,
382 1655 469 1694 que
492 1650 615 1682 vacat
639 1649 687 1680 ut
708 1639 881 1689 dicitur,
904 1649 948 1680 et
970 1640 1025 1680 de
1055 1638 1177 1692 cujus
1206 1639 1498 1680 advocacione
1526 1639 1757 1680 contencio

100 1718 222 1751 mota
242 1719 306 1750 est
327 1709 371 1750 in
393 1709 515 1751 curia
537 1718 687 1750 nostra
708 1708 822 1749 inter
846 1708 1097 1764 Johannem
1125 1708 1181 1748 de
1212 1707 1403 1749 Colonia
1430 1718 1473 1748 et
1501 1707 1758 1762 Philippum

100 1779 155 1818 de
178 1779 361 1832 Pympe,
379 1777 583 1827 chivaler,
600 1778 743 1819 donec
758 1777 1006 1818 discussum
1029 1776 1157 1817 fuerit
1181 1776 1224 1816 in
1241 1777 1396 1817 eadem
1412 1777 1532 1817 curia
1553 1777 1608 1817 ad
1626 1791 1758 1830 quem

101 1847 277 1888 illorum
298 1846 489 1901 pertinet
512 1845 709 1900 ejusdem
733 1845 914 1887 ecclesie
939 1845 1191 1887 advocacio.
1252 1846 1386 1886 Teste
1415 1860 1485 1886 me
1513 1845 1611 1899 ipso
1639 1845 1759 1899 apud

101 1916 282 1956 Turrim
303 1916 536 1956 Londonie
559 1915 705 1969 primo
726 1915 798 1956 die
821 1914 1112 1968 Septembris,
1135 1928 1254 1955 anno
1276 1915 1401 1970 regni
1432 1914 1566 1956 nostri
1595 1913 1759 1968 Anglie

101 1985 418 2035 sextodecimo,
440 1984 565 2039 regni
587 1998 694 2025 vero
716 1983 902 2025 Francie
923 1984 1069 2024 tercio.

586 2199 697 2239 Non
718 2199 920 2239 obstante
939 2198 1281 2240 reclamacione.

103 2268 179 2299 Oct.
200 2277 252 2299 21.

200 2322 316 2368 [Writ
346 2323 535 2367 requiring
559 2322 622 2356 the
649 2323 775 2366 bishop
805 2326 844 2355 to
875 2323 989 2355 admit
1019 2322 1081 2355 the
1112 2326 1305 2365 presentee
1335 2320 1375 2353 of
1404 2321 1521 2365 Philip
1554 2322 1690 2366 Pympe
1721 2326 1761 2354 to

107 2380 336 2414 Nettlestead
359 2381 413 2424 R„
432 2381 530 2414 since
549 2380 595 2414 he
614 2381 676 2414 has
694 2381 893 2414 recovered
918 2380 980 2414 the
1005 2381 1254 2425 presentation
1273 2379 1409 2422 against
1428 2380 1524 2423 John
1544 2379 1588 2413 de
1610 2381 1760 2414 Colonia

105 2439 174 2473 and
194 2439 324 2472 Dulcia
342 2439 396 2472 his
414 2438 524 2483 wife]

222 2508 468 2549 Edwardus
480 2507 550 2548 dei
564 2507 713 2561 gracia
727 2522 808 2548 rex
823 2507 897 2548 An
903 2507 990 2562 glie
1005 2518 1047 2548 et
1065 2506 1250 2548 Francie
1268 2516 1310 2547 et
1326 2506 1532 2547 dominus
1549 2507 1762 2549 Hibernie

106 2576 344 2618 venerabili
382 2576 425 2616 in
461 2575 640 2617 Christo
681 2576 793 2630 patri
836 2577 892 2618 H.
926 2577 1079 2617 eadem
1120 2575 1270 2630 gracia
1302 2575 1514 2629 episcopo
1549 2576 1762 2626 Roffensi‚

106 2644 302 2686 salutem.
366 2644 527 2685 Sciatis
568 2645 687 2698 quod
729 2644 960 2699 Philippus
1000 2645 1056 2684 de
1098 2644 1282 2698 Pympe,
1318 2644 1521 2695 chivaler,
1557 2644 1600 2684 in
1642 2645 1762 2686 curia

110 2723 259 2754 nostra
277 2727 426 2754 coram
443 2712 628 2766 justiciis
645 2712 805 2753 nostris
821 2714 941 2767 apud
960 2712 1399 2754 Westmonasterium
1416 2726 1497 2766 per
1512 2713 1760 2755 considera-

108 2782 280 2824 cionem
319 2782 518 2836 ejusdem
559 2781 678 2822 curie
720 2792 868 2822 nostre
908 2782 1185 2835 recuperavit
1220 2780 1601 2835 presentacionem
1637 2796 1761 2823 suam

108 2864 260 2892 versus
277 2850 523 2906 Johannem
545 2850 600 2891 de
622 2849 810 2891 Colonia
831 2859 874 2891 et
898 2849 1101 2891 Dulciam
1124 2864 1309 2891 uxorem
1330 2849 1426 2903 ejus
1453 2850 1509 2890 ad
1536 2849 1763 2892 ecclesiam

110 2919 166 2959 de
192 2919 461 2969 Nettlested‘,
484 2933 570 2972 que
591 2928 718 2959 vacat
738 2928 780 2959 et
805 2919 862 2959 ad
890 2933 1013 2960 suam
1043 2928 1214 2973 spectat
1242 2918 1547 2968 donacionem,
1569 2928 1617 2959 ut
1646 2920 1764 2961 dicit.

112 2988 169 3027 Et
190 2987 290 3028 ideo
310 2987 437 3029 vobis
460 2986 715 3028 mandamus
732 2988 853 3041 quod
876 3001 962 3028 non
985 2988 1188 3028 obstante
1211 2985 1527 3028 reclamacione
1543 2987 1762 3041 predicto-

114 3070 211 3097 rum
228 3055 439 3111 Johannis
461 3066 504 3096 et
528 3054 682 3096 Dulcie
702 3056 757 3095 ad
778 3056 1153 3109 presentacionem
1176 3055 1361 3110 predicti
1380 3055 1571 3110 Philippi
1593 3057 1648 3097 ad
1663 3072 1764 3111 pre-

112 3124 275 3166 dictam
291 3124 517 3166 ecclesiam
533 3124 738 3165 idoneam
755 3138 990 3179 personam
1007 3124 1255 3166 admittatis.
1297 3123 1482 3180 TesteJ.
1501 3125 1556 3166 de
1574 3124 1765 3168 Stonore
