1925 3451
106 209 201 240 A.D.
238 189 381 254 1340]
674 191 906 254 Episcopi
936 191 1174 252 Rqffensz‘s
1678 198 1757 248 663

106 324 186 364 Sep.
205 334 256 363 23.

224 388 377 428 Frater
400 387 457 427 H.
481 387 769 441 permissione
793 387 940 429 divina
968 387 1190 428 Roffensis
1219 387 1455 442 episcopus
1483 388 1643 430 dilecto
1666 389 1758 431 filio

106 456 415 497 archidiacono
457 455 657 497 Roffensi
698 455 768 498 vel
807 455 1003 509 ejusdem
1044 455 1220 498 officiali
1260 455 1445 497 salutem
1485 457 1680 511 graciam
1714 468 1757 498 et

106 524 476 566 benediccionem.
536 523 652 565 Cum
674 524 819 565 dilecti
852 524 979 565 nobis
1000 524 1044 564 in
1068 524 1247 566 Christo
1268 525 1434 565 domini
1458 525 1678 566 Henricus
1701 527 1757 567 de

108 593 356 648 Schypton‚
394 603 538 634 rector
573 592 754 634 ecclesie
789 593 843 633 de
885 593 1017 648 Legh
1054 604 1201 634 nostre
1236 593 1436 644 diocesis,
1470 606 1515 635 et
1552 595 1758 636 dominus

107 663 314 717 Rogerus
331 662 386 702 de
405 662 730 715 Frendesbery,
748 672 894 703 rector
914 662 1095 703 ecclesie
1121 663 1178 703 de
1200 662 1443 704 Stradesell
1465 664 1504 704 N
1508 663 1758 705 orwicensis

106 731 309 781 diocesis,
349 730 466 771 dicta
505 744 583 770 sua
624 730 853 781 beneficia,
895 741 944 771 ut
985 731 1204 783 asseritur,
1247 731 1475 772 intendant
1514 731 1758 773 adinvicem

107 800 314 841 canonice
335 809 599 853 permutare,
622 810 932 853 presentarunt
954 800 1082 840 nobis
1103 799 1301 855 religiosi
1330 800 1411 841 viri
1443 800 1568 854 prior
1589 811 1632 841 et
1654 816 1757 843 con-

108 879 264 911 ventus
296 868 549 909 monasterii
578 869 704 908 beate
737 868 875 909 Marie
906 868 1170 923 Magdalene
1202 869 1258 909 de
1288 869 1587 924 Tonebregg',
1610 881 1760 911 nostre

108 937 306 988 diocesis,
329 952 388 977 ex
409 951 540 978 causa
561 937 902 991 permutacionis
925 937 1178 992 hujusmodi
1201 938 1429 979 dominum
1453 939 1683 993 Rogerum
1704 940 1759 980 de

109 1007 416 1059 Frendesbery
438 1006 688 1061 predictum
718 1007 773 1046 ad
804 1005 965 1047 dictam
995 1006 1224 1047 ecclesiam
1253 1007 1309 1048 de
1336 1007 1386 1048 L.
1417 1008 1473 1048 ad
1504 1022 1627 1048 suam
1658 1023 1759 1063 pre-

109 1076 407 1117 sentacionem
429 1085 705 1129 spectantem
728 1075 862 1129 pleno
878 1076 990 1130 jure.
1052 1075 1274 1126 Quocirca
1294 1075 1422 1117 vobis
1444 1078 1760 1119 committimus

108 1155 152 1186 et
182 1145 366 1186 firmiter
387 1144 662 1199 injungendo
689 1145 948 1185 mandamus
975 1145 1183 1198 quatinus
1211 1145 1255 1185 in
1288 1144 1425 1199 pleno
1456 1145 1540 1187 loci
1566 1147 1761 1201 capitulo

108 1214 276 1256 vocatis
312 1214 356 1253 in
393 1213 475 1254 hac
511 1224 636 1267 parte
672 1214 881 1255 vocandis
917 1214 972 1254 de
1007 1214 1147 1254 causis
1181 1214 1526 1268 permutacionis
1561 1216 1760 1270 ejusdem

110 1297 280 1324 necnon
305 1283 358 1323 de
376 1283 473 1335 jure
505 1282 852 1337 presentacionis
877 1284 933 1324 ad
963 1282 1192 1324 ecclesiam
1223 1283 1278 1323 de
1307 1283 1358 1324 L.
1381 1284 1638 1337 predictam,
1663 1286 1762 1339 quis

342 1351 497 1392 ultimo
519 1351 787 1405 presentavit
812 1352 868 1392 ad
894 1352 1093 1401 eandem,
1125 1352 1314 1406 quisque
1340 1352 1434 1394 vice
1466 1352 1548 1393 ista
1577 1354 1634 1394 ad
1665 1368 1761 1395 eam

110 1429 322 1472 [F0.193b.]
347 1421 504 1462 debeat
551 1431 819 1475 presentare,
862 1435 916 1461 an
966 1421 1021 1461 sit
1062 1420 1271 1475 litigiosa,
1315 1421 1609 1476 porcionaria,
1649 1423 1654 1479 Ι
1691 1423 1763 1464 vel

342 1489 633 1544 pensionaria,
655 1490 724 1530 cui
748 1505 825 1530 seu
847 1489 1009 1543 quibus
1030 1490 1074 1530 in
1096 1500 1311 1544 quantum
1340 1501 1382 1531 et
1414 1505 1473 1531 ex
1502 1505 1591 1544 qua
1618 1506 1762 1543 causa,

109 1570 364 1614 quanteque
385 1558 680 1600 estimacionis
702 1559 887 1609 existat;
920 1560 976 1599 de
1001 1559 1092 1600 vita
1113 1569 1157 1600 et
1179 1559 1408 1600 ordinibus
1429 1570 1473 1600 et
1495 1561 1762 1602 condicioni-

110 1629 194 1669 bus
213 1629 270 1669 ad
292 1628 477 1669 eandem
501 1628 753 1682 presentati,
775 1642 830 1668 an
853 1628 906 1668 sit
927 1627 1037 1668 liber
1058 1638 1102 1668 et
1123 1628 1358 1683 legitimuS,
1381 1627 1540 1670 alibive
1561 1644 1694 1683 quam
1718 1641 1765 1671 ut

110 1697 379 1752 premittitur
399 1696 698 1747 beneficiatus,
720 1711 771 1738 ac
792 1697 931 1738 eciam
952 1697 1007 1737 de
1029 1697 1185 1737 ceteris
1214 1696 1410 1737 articulis
1439 1697 1482 1736 in
1510 1697 1764 1752 hujusmodi

110 1765 270 1807 debitis
298 1777 341 1807 et
369 1765 591 1806 consuetis
614 1765 874 1820 diligentem
906 1765 1071 1806 faciatis
1102 1765 1451 1819 inquisicionem,
1474 1776 1518 1806 et
1546 1768 1653 1821 quid
1684 1782 1766 1821 per

110 1835 295 1876 eandem
316 1834 570 1876 inveneritis
592 1844 636 1875 et
656 1835 844 1875 feceritis
866 1834 909 1875 in
939 1834 1164 1888 premissis
1198 1848 1277 1875 nos
1304 1834 1555 1889 hujusmodi
1584 1835 1764 1890 inquisi-

111 1903 247 1945 cionis
289 1903 477 1958 negocio
517 1903 733 1956 expedito
770 1903 1018 1944 certificetis
1053 1917 1134 1957 per
1169 1902 1319 1943 literas
1354 1914 1524 1945 vestras
1564 1916 1767 1959 patentes

110 1973 263 2013 harum
286 1972 444 2012 seriem
466 1972 755 2013 continentes.
807 1973 971 2013 Datum
994 1972 1115 2026 apud
1137 1972 1433 2014 Trottesclive
1456 1972 1515 2014 ix.
1541 1973 1769 2015 Kalendas

113 2041 320 2083 Octobris
341 2055 457 2082 anno
480 2041 649 2082 domini
671 2048 745 2083 m0.
769 2049 904 2083 cccffl0.
929 2041 1039 2082 xl¹¹¹⁰.

229 2110 366 2164 Cujus
387 2110 644 2151 auctoritate
666 2111 859 2151 mandati
881 2111 925 2151 in
949 2110 1082 2165 pleno
1105 2109 1189 2151 loci
1212 2110 1421 2164 capitulo,
1436 2111 1601 2153 vocatis
1620 2112 1662 2153 in
1686 2112 1766 2153 hac

112 2190 239 2233 parte
279 2179 502 2229 vocandis,
536 2179 792 2233 diligentem
834 2180 918 2221 feci
959 2179 1324 2234 inquisicionem;
1370 2194 1457 2233 que
1498 2180 1603 2222 dicit
1643 2182 1765 2235 quod

112 2249 319 2289 dominus
359 2248 482 2302 prior
523 2258 566 2289 et
607 2258 853 2290 conventus
893 2249 949 2290 (le
988 2248 1266 2303 Tonebrigg‘
1308 2260 1409 2289 sunt
1450 2249 1543 2290 veri
1590 2250 1766 2303 patroni

114 2316 294 2358 ecclesie
331 2317 386 2357 de
418 2316 468 2356 L.
503 2316 699 2371 predicte
731 2328 774 2358 et
805 2317 963 2358 ultimo
995 2326 1305 2371 presentarunt
1336 2317 1388 2357 ad
1420 2317 1605 2358 eandem
1637 2329 1681 2359 et
1710 2319 1767 2359 ad

115 2398 211 2424 eam
246 2384 327 2424 hac
355 2384 449 2425 vice
474 2384 636 2425 debent
667 2396 947 2439 presentare3
982 2399 1070 2425 non
1100 2396 1165 2427 est
1193 2385 1387 2440 litigiosa
1417 2400 1559 2439 neque
1590 2386 1764 2440 pensio-

117 2452 238 2493 naria
258 2453 327 2493 vel
349 2453 643 2507 porcionaria,
664 2463 706 2494 et
727 2464 791 2494 est
813 2453 1106 2495 estimacionis
1126 2454 1374 2496 octodecim
1407 2469 1653 2496 marcarum
1672 2469 1680 2505 ;
1712 2456 1766 2495 de

116 2521 258 2562 causis
289 2521 631 2575 permutacionis
661 2522 837 2576 ignorat
869 2522 1101 2576 inquisicio
1131 2522 1341 2577 predicta.
1404 2523 1462 2563 Et
1493 2534 1556 2565 est
1588 2538 1767 2577 presen-

116 2600 231 2631 tatus
271 2590 327 2630 ad
367 2591 551 2630 eandem
592 2600 639 2630 ut
679 2591 888 2631 asseritur
927 2591 1016 2633 vite
1063 2591 1294 2632 laudabilis
1335 2602 1378 2632 et
1419 2592 1767 2633 conversacionis

117 2658 299 2699 honeste
319 2669 362 2699 et
383 2659 426 2698 in
449 2658 604 2699 ordine
625 2660 863 2701 sacerdocii
885 2660 1160 2711 constitutus,
1181 2670 1224 2701 et
1245 2671 1310 2701 est
1332 2660 1443 2700 liber
1471 2671 1513 2701 et
1542 2660 1767 2715 legitimus

119 2741 198 2768 nec
218 2727 320 2767 alibi
343 2741 475 2781 quam
498 2727 541 2767 in
563 2727 746 2769 ecclesia
774 2730 828 2769 de
855 2728 1097 2770 Stradesell
1127 2729 1420 2769 beneficiatus.
1482 2729 1530 2769 In
1555 2729 1677 2783 cujus
1706 2731 1768 2771 rei

119 2796 419 2837 testimonium
442 2795 520 2836 has
541 2810 663 2837 meas
684 2796 830 2838 literas
851 2808 1054 2851 patentes
1082 2808 1127 2838 et
1159 2797 1327 2838 clausas
1355 2808 1497 2839 vestre
1526 2801 1767 2840 reverende

119 2864 370 2919 paternitati
393 2864 640 2905 transmitto
661 2865 793 2920 sigilli
816 2867 902 2906 mei
926 2866 1218 2921 impressione
1240 2866 1543 2909 communitas.
1602 2867 1765 2908 Datum

123 3086 199 3116 Oct.
221 3096 249 3125 7.

240 3152 527 3192 Postmodum
548 3166 668 3201 vero,
686 3152 827 3193 Nonis
842 3152 1062 3203 Octobris,
1078 3152 1284 3193 dominus
1300 3151 1520 3193 Roffensis
1536 3152 1770 3207 episcopus
