1925 3451
131 176 211 225 684
668 175 955 235 ngrz’strum
990 175 1058 220 H
1054 174 1239 220 amonis
1512 172 1628 238 [A.D.
1656 191 1671 220 l
1686 189 1775 234 342

131 303 173 342 in
199 317 342 344 sacras
368 317 521 344 manus
548 314 715 345 vestras
740 304 984 344 faciendam
1008 314 1276 353 vacaturam,
1298 313 1343 345 et
1371 304 1428 344 ad
1457 314 1651 345 nostram
1678 318 1776 357 pre-

131 371 427 412 sentacionem
457 382 742 425 spectantem,
765 372 973 412 dilectum
1000 371 1125 412 nobis
1151 372 1194 412 in
1226 372 1404 414 Christo
1431 372 1657 413 dominum
1681 372 1778 427 Jor-

131 440 292 480 danum
314 440 368 480 de
389 440 516 480 Bixle
537 441 838 493 supradictum
861 450 1002 482 vestre
1031 441 1272 481 reverende
1300 440 1552 494 paternitati
1574 440 1781 482 canonice

131 519 448 560 presentamus,
482 509 704 549 humiliter
735 508 1036 562 supplicantes
1073 508 1283 562 quatinus
1322 509 1510 549 eundem
1552 509 1781 550 dominum

125 576 384 631 Jordanum‚
418 577 615 630 predicte
656 577 999 630 permutacionis
1039 577 1238 627 obtentu,
1270 578 1326 618 ad
1366 577 1526 618 dictam
1556 577 1781 618 ecclesiam

130 645 361 685 admittere
401 656 445 686 et
490 656 704 686 rectorem
742 645 970 686 instituere
1000 645 1246 700 dignemini
1277 646 1321 686 in
1352 646 1519 696 eadem,
1550 656 1782 699 ceteraque

130 727 344 767 peragere
380 728 466 766 que
499 714 553 754 ad
589 724 782 755 vestrum
822 724 1062 754 noscuntur
1098 715 1293 755 officium
1334 715 1567 768 pertinere.
1627 714 1784 756 Valeat

130 792 275 822 vestra
298 783 536 823 reverenda
556 783 798 835 paternitas
820 797 995 836 semper
1011 783 1054 823 in
1072 783 1255 825 domino
1272 782 1377 838 Jesu
1393 782 1582 825 Christo.
1618 784 1782 824 Datum

131 850 250 903 apud
271 850 581 903 Trottesclyve
604 851 713 904 xiiij.
741 850 968 892 Kalendas
995 851 1204 892 Octobris
1225 866 1343 893 anno
1364 852 1530 893 domini
1553 852 1784 893 millesimo

133 919 436 959 trecentesimo
458 919 798 974 quadragesimo
820 920 1029 961 secundo.

535 1140 836 1192 Dz'speusacz'o
857 1141 1053 1181 reclom‘s
1073 1142 1128 1182 de
1152 1140 1375 1195 Offelzam.

130 1207 222 1246 Sept.
244 1217 298 1239 20.

226 1262 497 1306 [Dispensation
525 1268 564 1297 to
594 1263 705 1298 Robt.
729 1264 773 1297 de
800 1264 832 1297 la
863 1264 1057 1307 Chambre,
1087 1270 1211 1298 rector
1239 1264 1281 1298 of
1309 1264 1469 1308 Offham,
1497 1265 1718 1307 subdeacon,
1746 1270 1785 1298 to

129 1320 236 1364 study
255 1320 312 1353 for
330 1326 403 1354 two
422 1332 524 1354 more
543 1321 675 1366 years]

247 1389 332 1430 Die
364 1390 547 1431 Veneris
583 1390 786 1432 videlicet
823 1390 899 1444 xij.
935 1391 1160 1432 Kalendas
1193 1391 1402 1433 Octobris
1431 1406 1550 1433 anno
1580 1392 1786 1446 proxime

130 1458 385 1511 supradicto
407 1459 612 1500 dominus
630 1460 905 1513 dispensavit
923 1475 1022 1501 cum
1040 1461 1242 1501 Roberto
1260 1461 1315 1501 de
1332 1461 1373 1502 la
1389 1460 1599 1502 Chambr'
1616 1471 1786 1502 rectore

130 1527 310 1568 ecclesie
332 1528 386 1568 de
409 1527 628 1578 Offeham,
650 1529 935 1579 subdiacono,
958 1530 1014 1570 ad
1035 1530 1303 1570 studendum
1325 1545 1406 1584 per
1425 1529 1652 1571 biennium
1674 1529 1788 1571 ultra

129 1596 354 1637 biennium
376 1596 482 1638 alias
504 1597 585 1638 sibi
608 1611 880 1640 concessum.

752 1816 922 1856 Prima
949 1821 1159 1858 tonsura.

131 1882 226 1922 Sept.
244 1893 296 1913 21.

249 1949 332 1989 Die
356 1948 540 1990 Sabbati
563 1960 753 2002 quatuor
775 1959 1027 2003 temporum
1051 1949 1252 1991 videlicet
1269 1949 1329 2004 xj.
1348 1949 1559 1991 kalendas
1582 1950 1790 1991 Octobris

129 2031 246 2058 anno
288 2017 493 2070 proxime
527 2018 784 2071 supradicto
821 2018 1013 2059 ordinati
1049 2020 1227 2059 suerunt
1257 2019 1312 2059 ad
1345 2019 1531 2072 primam
1563 2029 1788 2060 tonsuram

129 2086 249 2139 apud
290 2086 613 2140 Trottesclyve,
652 2087 869 2127 Ricardus
907 2087 1029 2138 Scot,
1057 2087 1282 2143 Johannes
1321 2087 1556 2142 Scarbigg,
1588 2088 1789 2129 Thomas

128 2155 267 2208 Ipres‚
289 2155 344 2195 de
368 2155 557 2196 Shorne.

527 2304 755 2345 Camelaria
778 2305 986 2345 manerii
1004 2304 1059 2344 de
1078 2303 1383 2359 Scollegrove.

130 2371 206 2402 Oct.
228 2383 258 2409 4.

228 2426 437 2460 Institution
464 2426 505 2460 of
535 2428 651 2460 Adam
678 2431 756 2460 atte
784 2427 881 2460 well
908 2427 950 2460 of
982 2427 1094 2467 Bixle,
1120 2428 1245 2471 priest‚
1271 2432 1311 2461 to
1337 2428 1490 2472 chantry
1514 2427 1555 2460 of
1583 2428 1786 2470 Scotgrove

130 2496 267 2528 manor,
287 2490 415 2519 vacant
440 2485 486 2529 by
505 2485 723 2528 resignation
748 2485 790 2518 of
814 2485 927 2519 Robt.
952 2486 996 2518 de
1016 2486 1264 2521 Oddeworth:
1292 2491 1438 2530 patron,
1460 2486 1619 2520 William
1639 2487 1788 2521 XVavre.

131 2543 227 2576 oath
245 2543 288 2576 of
301 2544 517 2578 obedience.
568 2544 839 2587 Trottesclyve‚
861 2544 1005 2588 Friday,
1026 2557 1042 2584 4
1067 2543 1160 2578 Non.
1181 2545 1265 2579 Oct.

358 2740 574 2781 Lz'cencz'cz
595 2741 810 2792 specialis
830 2742 895 2781 ad
911 2741 1232 2782 celebrandam
1256 2742 1304 2781 2'72
1326 2742 1560 2783 ozfatom‘is.

132 2818 208 2848 Oct.
227 2821 257 2849 6.

227 2873 388 2917 [Special
412 2874 549 2908 licence
574 2879 613 2907 to
637 2875 732 2918 John
759 2875 803 2908 de
833 2874 1032 2916 Cobeham,
1053 2875 1116 2919 kt„
1135 2880 1175 2908 to
1193 2876 1282 2909 have
1307 2887 1399 2909 mass
1422 2876 1633 2910 celebrated
1657 2877 1691 2909 in
1716 2888 1785 2921 any

132 2935 278 2975 oratory
298 2942 343 2964 on
363 2932 416 2965 his
435 2944 590 2975 1nan01·S‚
609 2933 783 2976 provided
802 2933 985 2976 parochial
1006 2933 1117 2975 rights
1134 2944 1195 2966 are
1216 2940 1278 2967 not
1298 2934 1536 2979 prejudiced]

250 3000 403 3041 Frater
434 3001 594 3051 Hanno,
618 3001 903 3054 permissione
929 3001 1080 3042 divina
1109 3002 1333 3043 Roffensis
1355 3003 1604 3057 episcopus,
1626 3003 1786 3044 dilecto

132 3068 175 3107 in
207 3068 387 3110 Christo
418 3069 508 3110 filio
534 3069 727 3124 Johanni
758 3070 813 3110 de
850 3069 1078 3111 Cobeham
1111 3070 1237 3110 militi
1273 3071 1472 3122 salutem,
1504 3071 1711 3126 graciam,
1743 3082 1787 3112 et

132 3137 500 3180 benediccionem.
560 3139 637 3178 Ad
666 3152 930 3193 generosam
962 3138 1236 3180 honestatem
1269 3150 1313 3180 et
1344 3140 1631 3182 devocionem
1666 3150 1785 3181 tuam
