1925 3451
172 187 251 235 696
714 180 996 241 ngrz'strmn
1033 179 1281 224 Hamonis
1555 177 1672 241 [A.D.
1699 193 1819 237 1342

172 315 296 370 prive
336 314 424 356 seal
465 329 490 355 a
531 323 678 356 nostre
724 312 895 353 manoir
937 312 992 351 de
1040 311 1326 365 Kenyngton‚
1367 310 1407 350 le
1454 309 1579 364 xxiij.
1625 310 1724 361 jour
1767 309 1824 350 de

172 384 437 426 Novembre.

490 532 745 572 Excusaczb
767 529 1271 570 zbzterfessendz'conszlz'o
1284 529 1508 581 pzfedzklo.

175 592 257 623 Dec.
276 602 308 631 9.

271 646 370 690 [The
389 645 514 687 bishop
533 644 616 685 begs
635 647 673 675 to
691 643 736 675 be
757 641 911 675 cxcnsed
930 652 976 674 on
995 640 1057 673 the
1075 651 1180 673 score
1198 640 1240 673 of
1253 651 1318 683 age
1337 640 1404 673 and
1423 640 1608 685 sickness]

290 711 675 755 Excellentissimo
700 709 890 765 principi
911 724 962 750 ac
983 709 1165 750 domino
1187 723 1279 760 suo,
1303 709 1484 750 domino
1510 709 1732 751 Edwardo
1754 709 1824 751 dei

173 783 323 838 gracia
352 781 446 836 regi
476 779 643 835 Anglie
672 790 716 820 et
746 779 930 819 Francie
959 778 1115 818 illustri
1143 792 1194 818 ac
1223 777 1404 818 domino
1426 777 1654 828 Hibernie,
1678 779 1825 820 Hamo

174 851 460 907 permissione
490 850 637 891 divina
666 847 888 890 Roffensis
920 847 1171 901 episcopus,
1203 846 1389 887 salutem
1422 846 1464 887 in
1496 861 1550 888 eo
1581 861 1662 900 per
1692 862 1825 901 quem

174 936 304 975 reges
320 929 509 974 regnant
525 929 567 959 et
589 917 811 972 principes
827 916 1125 958 dominantur.
1181 915 1299 966 Quia
1314 916 1369 955 ad
1387 915 1616 956 consilium
1633 927 1825 957 Vestrum

173 990 243 1030 die
268 988 449 1030 Sabbati
471 987 513 1027 in
537 987 727 1028 crastino
752 995 899 1026 sancte
929 983 1064 1025 Lucie
1090 983 1276 1038 virginis
1303 983 1513 1038 proximo
1537 985 1685 1025 futuro
1707 985 1826 1038 apud

173 1056 615 1099 westmonasterium
637 1055 890 1104 tenendum,
909 1067 995 1093 una
1011 1067 1110 1093 cum
1127 1052 1406 1093 serenissimo
1423 1052 1624 1107 principe
1645 1053 1827 1094 domino

174 1126 394 1168 Edwardo
414 1125 506 1165 filio
535 1135 685 1165 vestro
714 1122 1030 1178 primogenito,
1054 1122 1166 1162 duce
1191 1121 1431 1171 Cornubie‚
1459 1122 1620 1162 comite
1643 1122 1827 1171 Cestrie‚

172 1206 217 1236 et
238 1195 419 1236 custode
440 1193 620 1248 Anglie‚
637 1207 688 1234 ac
709 1193 804 1234 aliis
822 1191 1112 1246 personaliter
1133 1190 1343 1231 interesse
1366 1204 1453 1231 non
1476 1190 1686 1241 valemus,
1703 1191 1828 1232 senili

174 1263 439 1318 impotencia
476 1274 519 1304 et
554 1262 682 1317 gravi
723 1261 1024 1302 invaletudine
1065 1260 1299 1315 prepediti,
1337 1261 1503 1315 regiam
1544 1260 1826 1301 clemenciam

173 1333 398 1373 humiliter
437 1345 676 1373 exoramus
716 1331 924 1385 quatinus
967 1340 1160 1371 nostram
1201 1329 1450 1370 absenciam
1494 1329 1538 1370 in
1580 1330 1660 1370 hac
1702 1340 1828 1383 parte

175 1402 433 1443 necessitate
455 1411 642 1455 urgente
664 1409 887 1440 causatam
916 1399 1078 1440 habere
1099 1399 1304 1453 dignetur
1325 1398 1623 1439 favorabiliter
1643 1413 1825 1439 excusa-

173 1482 272 1512 tam.
337 1469 688 1511 Incolumitatem
717 1478 907 1509 vestram
937 1467 1088 1508 salutis
1115 1477 1270 1508 auctor
1291 1477 1520 1508 conservet
1542 1467 1705 1508 illesam
1728 1482 1826 1508 cum

173 1554 391 1594 prospera
412 1539 583 1579 dierum
605 1537 881 1592 longitudine
904 1548 947 1577 et
970 1537 1150 1577 honore.
1214 1536 1442 1590 Scriptum
1471 1537 1591 1590 apud
1616 1536 1829 1591 Hallyng'

171 1606 249 1647 ix0.
279 1605 351 1646 die
380 1605 541 1645 mensis
570 1604 841 1654 Decembris,
869 1617 985 1644 anno
1014 1602 1182 1643 domini
1212 1601 1444 1643 millesimo
1471 1609 1605 1643 eccum.
1637 1603 1827 1656 quadra-

170 1675 341 1730 gesimo
362 1674 568 1714 secundo.

563 1814 838 1855 Commz’ssz'o
859 1816 925 1855 acl
939 1814 1187 1854 levandam
1211 1814 1450 1854 decimam.

174 1873 253 1903 Dec.
278 1883 324 1904 12.

268 1928 537 1972 [Commissiom
559 1927 606 1971 by
627 1928 741 1960 virtue
765 1927 807 1960 of
829 1926 892 1959 the
918 1926 1033 1969 king’s
1053 1926 1133 1959 writ
1158 1925 1198 1958 of
1222 1924 1314 1959 Nov.
1336 1936 1391 1967 30,
1411 1925 1576 1959 received
1603 1925 1697 1958 Dec.
1718 1936 1768 1967 10,
1789 1929 1829 1958 to

172 1993 233 2026 the
254 1992 352 2035 prior
369 1991 439 2024 and
458 1991 609 2034 chapter
626 1990 669 2024 of
688 1991 892 2024 Rochester
905 1994 943 2023 to
959 1989 1092 2023 collect
1110 1989 1172 2023 the
1191 1988 1298 2022 tenth
1318 1988 1358 2021 of
1374 1988 1628 2022 ecclesiastical
1647 1988 1829 2022 benefices

172 2050 323 2093 granted
347 2049 403 2083 for
427 2061 497 2082 one
517 2060 603 2093 year
621 2049 667 2093 by
685 2049 747 2082 the
767 2049 889 2091 clergy
908 2048 948 2081 of
970 2048 1032 2080 the
1059 2048 1230 2091 province
1255 2047 1296 2080 of
1318 2047 1547 2090 Canterbury
1568 2047 1601 2079 in
1622 2047 1683 2080 the
1703 2051 1829 2080 recent

173 2108 414 2141 convocation
446 2111 482 2140 at
514 2108 567 2140 St.
601 2106 729 2148 Paul’s,
756 2106 790 2139 in
818 2111 893 2140 two
919 2106 1145 2139 instalments
1172 2105 1320 2149 payable
1346 2109 1383 2138 at
1410 2105 1511 2148 Lady
1538 2105 1607 2148 day
1634 2105 1702 2138 and
1731 2104 1829 2138 Mid-

171 2178 341 2209 summer,
362 2178 459 2210 ¹343,
481 2164 748 2209 respectively.]

291 2236 444 2276 Frater
468 2236 629 2284 Hamo‚
653 2233 942 2287 permissione
966 2232 1116 2274 divina
1146 2232 1365 2273 Roffensis
1387 2232 1640 2286 episcopus,
1663 2231 1830 2273 dilectis

172 2304 216 2345 in
238 2304 418 2345 Christo
441 2302 540 2344 filiis
560 2302 699 2357 priori
721 2312 764 2342 et
786 2301 980 2355 capitulo
997 2302 1176 2342 ecclesie
1197 2312 1346 2342 nostre
1364 2300 1625 2342 cathedralis
1648 2301 1828 2341 Roffen-

172 2373 244 2422 sis,
265 2372 449 2414 salutem
478 2372 674 2426 graciam
700 2380 742 2411 et
770 2370 1142 2411 benediccionem.
1210 2370 1345 2410 Breve
1379 2370 1551 2423 regium
1584 2369 1687 2423 iiij‘0.
1725 2369 1830 2410 Idus

174 2441 431 2483 Decembris
454 2441 609 2481 ultimo
632 2439 844 2494 preterito
866 2439 1113 2493 recepimus
1135 2439 1177 2479 in
1204 2438 1284 2479 hec
1306 2439 1441 2480 verba
1458 2453 1527 2479 :—

174 2543 258 2573 Nov.
278 2553 330 2581 30.

291 2609 537 2650 Edwardus
552 2608 622 2648 dei
636 2607 784 2662 gracia
798 2621 880 2646 rex
898 2606 1066 2661 Anglie
1078 2617 1121 2647 et
1142 2606 1324 2646 Francie
1339 2617 1382 2647 et
1395 2605 1601 2647 dominus
1617 2604 1831 2645 Hibernie

175 2676 414 2718 venerabili
438 2677 480 2716 in
504 2676 685 2717 Christo
708 2675 823 2730 patri
847 2677 902 2716 H.
921 2676 1074 2715 eadem
1093 2675 1240 2729 gracia
1257 2674 1470 2729 episcopo
1486 2674 1700 2723 Roffensi‚
1715 2673 1828 2714 salu-

176 2756 278 2787 tem.
341 2746 456 2787 Cum
480 2760 559 2787 vos
581 2756 623 2786 et
645 2745 779 2785 ceteri
807 2744 964 2798 prelati
992 2758 1043 2784 ac
1071 2743 1214 2784 clerus
1245 2743 1572 2784 Cantuariensis
1601 2741 1829 2796 provincie

177 2815 304 2855 nobis
326 2815 367 2855 in
391 2815 636 2855 subsidium
658 2828 954 2868 expensarum
978 2827 1087 2866 quas
1109 2813 1224 2853 circa
1252 2812 1638 2866 recuperacionem
1661 2810 1825 2864 jurium

177 2894 427 2924 nostrorum
458 2883 500 2923 in
533 2883 733 2937 partibus
764 2881 1064 2922 transmarinis
1096 2882 1236 2922 facere
1269 2895 1346 2922 nos
1377 2891 1569 2936 oportet,
1603 2880 1645 2920 in
1678 2879 1829 2920 ultima

174 2952 527 3005 congregacione
560 2961 703 2993 vestra
735 2951 779 2991 in
811 2950 992 2991 ecclesia
1021 2950 1157 2991 sancti
1189 2949 1312 2991 Pauli
1344 2949 1577 2991 Londonie
1609 2949 1829 3002 quandam

174 3019 390 3060 decimam
411 3020 612 3061 annalem
634 3020 689 3060 de
711 3019 866 3060 vestris
887 3028 929 3059 et
951 3018 1149 3072 ipsorum
1167 3018 1390 3059 beneficiis
1407 3017 1705 3059 ecclesiasticis
1725 3030 1828 3057 con-

176 3088 390 3129 cesseritis
410 3089 681 3137 solvendam,
703 3088 906 3129 videlicet
928 3101 1061 3127 unam
1079 3087 1359 3128 medietatem
1381 3087 1424 3126 in
1443 3088 1554 3128 sesto
1572 3085 1827 3126 Annuncia-

175 3156 312 3197 cionis
352 3157 570 3198 dominice
612 3157 822 3211 proximo
864 3157 1012 3196 futuro
1053 3166 1095 3196 et
1137 3156 1267 3196 aliam
1308 3155 1586 3196 medietatem
1629 3154 1672 3194 in
1719 3154 1828 3195 festo
