1925 3451
108 192 201 222 A.D.
230 174 374 238 1342]
680 174 910 237 Episcopi
941 172 1186 235 Rffnsz's
1684 176 1763 227 685

109 306 374 348 laudabilem
396 321 528 361 quarn
550 307 592 347 in
615 307 774 348 divinis
795 307 950 347 officiis
969 306 1132 347 habere
1150 305 1392 347 dinosceris
1414 305 1585 359 paterni
1606 305 1766 346 favoris

111 375 317 416 intuitum
345 385 664 425 convertentes,
687 375 774 416 tuis
804 374 1175 429 suplicacionibus
1201 374 1407 423 inclinati,
1430 383 1478 414 ut
1509 373 1552 414 in
1580 372 1766 427 singulis

111 444 315 486 oratoriis
345 443 457 484 infra
489 454 562 484 tua
594 444 786 485 maneria
818 454 965 484 nostre
995 443 1182 484 diocesis
1213 442 1395 492 situatis,
1426 442 1483 482 ad
1513 441 1766 495 cultumque

110 512 306 554 divinum
324 526 520 567 congrue
536 513 798 566 preparatis,
814 527 895 566 per
910 526 1237 566 quemcumque
1251 510 1526 565 capellanum
1541 511 1766 564 ydoneum

112 581 264 622 missas
304 582 446 622 facere
486 581 633 623 valeas
674 581 885 622 celebrari
921 580 1131 635 quociens
1171 594 1254 634 pro
1285 591 1341 630 te,
1371 579 1575 635 conjuge,
1607 578 1768 628 liberis,

113 649 413 700 familiaribus,
444 649 514 691 vel
549 650 698 691 amicis
739 650 826 691 tuis
868 650 1066 691 honestis
1106 649 1387 703 presentibus
1428 648 1505 689 tibi
1546 647 1769 690 videbitur

114 719 409 759 necessarium
440 719 510 760 vel
536 719 674 760 eciam
704 730 988 772 oportunum,
1018 719 1124 759 dum
1154 729 1301 759 tamen
1331 717 1375 757 id
1403 717 1447 758 in
1476 716 1768 771 prejudicium

114 801 201 829 non
227 788 353 828 cedat
382 787 645 841 parochialis
673 787 856 828 ecclesie
888 787 931 826 in
964 787 1088 841 cujus
1115 786 1327 841 parochia
1350 786 1593 828 oratorium
1619 785 1768 839 hujus-

114 856 233 897 modi
259 856 389 897 fuerit
419 856 705 897 constitutum
730 870 822 909 quo
849 855 1201 897 celebracionem
1229 855 1480 908 hujusmodi
1508 855 1602 895 fieri
1630 854 1768 896 conti-

113 925 242 979 gerit,
265 939 315 965 ac
337 925 519 966 rectoris
551 939 630 966 seu
658 925 808 967 vicarii
842 924 1040 979 ejusdem
1072 924 1157 965 loci
1186 935 1421 965 concurrat
1442 938 1657 973 assensus,
1680 934 1769 964 tam

113 994 193 1034 tibi
229 1008 362 1048 quam
403 993 665 1048 cuicumque
706 993 936 1048 capellano
979 993 1231 1047 hujusmodi
1271 992 1510 1033 celebranti
1546 992 1770 1033 licenciam

114 1074 267 1104 tenore
298 1063 578 1116 presencium
610 1062 894 1103 concedimus
925 1061 1176 1116 specialem,
1208 1062 1351 1103 donec
1381 1076 1477 1102 eam
1510 1061 1771 1102 duxerimus

114 1133 422 1173 revocandam.
487 1133 537 1171 In
568 1131 691 1185 cujus
721 1131 782 1172 rei
812 1131 1114 1172 testimonium
1142 1129 1336 1185 sigillum
1366 1140 1564 1171 nostrum
1591 1130 1772 1171 fecimus

116 1201 183 1241 his
197 1200 377 1255 apponi.
422 1201 537 1241 Date
554 1201 675 1254 apud
692 1200 984 1242 Trottesclive
1001 1200 1061 1254 ij0.
1082 1213 1221 1241 nonas
1239 1199 1448 1241 Octobris
1468 1213 1584 1240 anno
1602 1198 1772 1240 domini

117 1269 349 1311 millesimo
371 1275 506 1311 cecum.
529 1269 872 1324 quadragesimo
894 1269 1100 1309 secundo.

115 1428 190 1469 [Fo.
213 1427 300 1468 Ι99]

819 1483 881 1523 W
873 1483 1078 1534 olewyclz.

118 1551 194 1583 Oct.
214 1554 244 1582 8.

213 1606 372 1651 [Robert
407 1607 451 1640 de
487 1607 702 1649 Brundisch,
736 1610 859 1639 rector
896 1605 938 1638 of
969 1604 1187 1649 XVoolMch,
1221 1606 1247 1638 is
1281 1605 1513 1638 condemned
1547 1609 1586 1637 to
1621 1615 1687 1648 pay
1723 1603 1777 1637 his

113 1676 304 1699 successor
323 1665 447 1698 Simon
466 1664 537 1709 ΑΙ.
561 1677 590 1706 3.
610 1678 640 1705 4.
661 1664 719 1697 for
736 1663 1017 1708 dilapidations]

235 1734 573 1774 Memorandum
607 1734 729 1787 quod
765 1733 838 1773 die
875 1733 1028 1773 Martis
1059 1732 1263 1774 videlicet
1300 1731 1387 1786 viij.
1423 1732 1527 1772 Idus
1567 1730 1777 1773 Octobris

117 1816 231 1843 anno
273 1802 439 1843 domini
481 1808 695 1843 m0.ccc¹¹10.
726 1802 820 1856 xlij.
855 1801 1117 1843 venerabilis
1158 1812 1283 1855 pater
1326 1801 1475 1841 Hamo
1516 1801 1588 1840 dei
1628 1799 1778 1854 gracia

119 1871 344 1912 Roffensis
365 1871 614 1926 episcopuS‚
641 1872 684 1911 in
709 1870 880 1925 capella
908 1870 1089 1911 manerii
1118 1870 1184 1911 sui
1207 1871 1262 1910 de
1283 1869 1592 1922 Trottesclyve
1620 1869 1778 1909 sedens

120 1954 205 1994 pro
233 1940 438 1980 tribunali
466 1939 812 1994 condempnavit
841 1939 1069 1980 dominum
1097 1939 1345 1980 Robertum
1368 1939 1423 1979 de
1446 1937 1712 1979 Brundissch
1734 1937 1777 1978 in

119 2009 277 2064 viginti
299 2008 438 2049 tribus
459 2009 612 2050 solidis
639 2020 682 2049 et
709 2020 898 2062 quatuor
927 2008 1117 2049 denariis
1146 2022 1230 2062 pro
1258 2007 1502 2048 defectibus
1528 2007 1714 2061 repertis
1736 2006 1779 2046 in

121 2078 307 2119 rectoria
327 2077 509 2118 ecclesie
537 2078 593 2118 de
618 2076 863 2118 Wolewich
896 2077 971 2131 qui
1001 2087 1204 2131 tempore
1233 2076 1371 2131 ipsius
1399 2076 1567 2117 domini
1596 2074 1781 2116 Roberti

121 2148 227 2187 dum
250 2146 328 2187 fuit
350 2155 494 2188 rector
511 2147 566 2186 de
583 2146 825 2188 WVolewich
843 2146 1141 2201 contigerunt,
1160 2145 1382 2187 solvendis
1399 2145 1582 2185 domino
1605 2144 1780 2185 Simoni

124 2229 237 2256 nunc
260 2215 420 2256 rectori
441 2215 620 2256 ecclesie
649 2215 847 2269 predicte
875 2229 959 2269 pro
987 2214 1133 2268 equali
1162 2214 1376 2269 porcione
1398 2214 1453 2254 ad
1476 2214 1634 2254 festum
1657 2213 1780 2254 Puri-

124 2284 344 2324 ficacionis
368 2285 493 2325 beate
516 2284 654 2324 Marie
675 2294 719 2325 et
739 2284 794 2325 ad
817 2285 975 2325 festum
998 2283 1164 2325 Pasche
1185 2283 1391 2337 proxime
1415 2283 1622 2322 futurum.
1675 2282 1779 2322 Pre-

125 2353 320 2394 sentibus
351 2353 395 2392 in
436 2353 661 2407 premissis
698 2352 898 2407 partibus
939 2352 1150 2407 predictis
1189 2366 1241 2392 ac
1282 2350 1465 2392 domino
1507 2350 1684 2391 Thoma
1725 2351 1781 2391 de

124 2420 322 2463 Alkham
345 2431 388 2462 et
410 2422 543 2462 fratre
565 2420 805 2463 willielmo
827 2423 973 2476 Peper
996 2421 1216 2463 monacho
1238 2420 1448 2461 Roffensi.

805 2640 1084 2681 LamlzeM’J

129 2709 205 2740 Oct.
228 2719 274 2739 10.

223 2763 412 2807 [Receipts
431 2762 487 2796 for
505 2763 567 2796 the
585 2774 724 2796 arrears
743 2763 783 2796 of
798 2763 860 2797 the
878 2764 1012 2797 annual
1032 2763 1182 2808 pension
1203 2762 1244 2795 of
1262 2762 1328 2795 five
1347 2761 1466 2794 marks
1485 2761 1555 2795 due
1572 2761 1667 2794 from
1686 2761 1783 2805 John

128 2821 172 2855 de
193 2822 355 2863 Colonia,
371 2826 492 2854 rector
510 2820 552 2853 of
568 2821 758 2863 Lambeth,
775 2822 874 2855 since
896 2821 1145 2863 Michaelmas,
1164 2823 1264 2863 1338,
1280 2820 1350 2853 and
1370 2820 1427 2853 for
1444 2820 1505 2853 the
1525 2824 1697 2864 paymcnt
1712 2820 1782 2852 due

128 2884 164 2913 at
184 2879 420 2912 Michaelmas
440 2878 535 2923 last.]

247 2947 398 2988 Pateat
429 2946 643 2988 universis
675 2962 755 3001 per
787 2958 1012 3002 presentes
1045 2948 1167 3001 quod
1199 2961 1292 2997 nos,
1325 2947 1460 2986 frater
1497 2948 1657 2996 Hamo,
1687 2960 1785 2999 per-

131 3015 337 3056 missione
354 3015 503 3057 divina
519 3015 742 3056 Roffensis
763 3016 1015 3070 episcopus,
1034 3015 1284 3069 recepimus
1306 3029 1331 3055 a
1352 3015 1565 3069 magistro
1582 3014 1785 3070 Johanne

716 3150 725 3168 ¹
752 3151 790 3180 In
810 3151 966 3191 margin:
993 3151 1080 3181 Nota
1098 3151 1196 3181 bene.
