1925 3451
89 225 183 255 A.D.
212 226 226 255 1
242 208 355 272 343]
665 211 715 256 E
708 209 896 270 pz'scopz'
927 207 1168 269 Roffimsz‘s
1660 222 1737 260 713

89 352 190 382 tem.
251 341 459 383 Volentes
480 341 610 383 certis
630 342 685 382 de
707 341 848 382 causis
870 341 1100 382 cerciorari
1123 341 1177 381 de
1199 340 1450 381 nominibus
1478 339 1673 380 omnium
1696 350 1739 379 et

87 410 362 464 singulorum
393 410 739 466 alienigenarum
771 410 1126 451 beneficiatorum
1158 409 1202 449 in
1234 409 1397 449 diocesi
1430 419 1587 459 vestra,
1614 419 1656 448 et
1683 408 1738 448 de

89 478 338 519 nominibus
359 479 669 520 beneficiorum
691 480 948 529 eorundem,
964 490 1008 519 et
1029 479 1104 532 qui
1128 479 1169 518 in
1191 478 1415 518 beneficiis
1435 477 1526 517 suis
1547 476 1739 517 resident

85 558 130 587 et
151 547 227 601 qui
255 561 370 597 non;
403 547 529 589 vobis
557 548 818 588 mandamus
846 549 967 601 quod
996 562 1074 588 nos
1103 547 1205 587 inde
1235 547 1277 586 in
1307 545 1562 587 cancellaria
1590 555 1739 585 nostra

86 616 168 656 sub
185 616 330 670 sigillo
350 625 499 657 vestro
521 616 629 656 citra
651 617 806 657 festum
829 616 965 656 sancti
983 615 1135 671 Jacobi
1157 615 1347 670 apostoli
1364 615 1568 668 proxime
1590 615 1738 654 futuro

87 684 288 725 distincte
311 695 354 725 et
380 695 533 738 aperte
558 685 750 725 reddatis
778 685 1005 735 cerciores,
1027 685 1110 726 hoc
1139 685 1271 726 breve
1299 684 1427 726 nobis
1455 683 1737 724 remittentes.

86 754 222 794 Teste
257 768 326 793 me
364 754 463 807 ipso
499 754 621 807 apud
654 754 888 794 Arundell‘
919 754 1005 808 viij.
1040 754 1109 794 die
1140 754 1246 809 Julii
1282 767 1401 795 anno
1437 752 1564 807 regni
1601 751 1739 792 nostri

87 821 254 876 Anglie
275 822 448 863 decimo
471 823 674 876 septimo,
697 826 824 877 regni
845 837 953 864 Vero
976 822 1112 863 nostri
1136 822 1320 863 Francie
1345 832 1515 876 quarto.

537 1043 966 1095 Retomzatmnfim
984 1043 1115 1083 istud
1132 1043 1277 1083 breve.

180 1132 280 1177 [The
299 1132 425 1176 bishop
445 1139 589 1166 returns
607 1133 670 1167 the
689 1144 813 1167 names
837 1133 879 1166 of
898 1134 941 1166 all
965 1134 1075 1166 aliens
1093 1133 1240 1175 holding
1256 1132 1448 1175 benefices,
1469 1132 1534 1165 but
1552 1137 1615 1165 not
1633 1131 1737 1164 those

84 1190 228 1233 holding
247 1191 502 1224 ecclesiastical
521 1191 783 1234 teinporalities
801 1190 913 1235 only.]

201 1260 355 1300 Abbas
376 1270 418 1300 et
436 1271 678 1301 conventus
699 1260 754 1301 de
773 1260 999 1310 Gandavo,
1017 1259 1275 1314 alienigene,
1290 1260 1452 1300 habent
1470 1259 1512 1299 in
1530 1258 1739 1313 proprios

84 1343 189 1369 usus
211 1328 414 1369 ecclesias
441 1330 497 1368 de
526 1329 775 1369 Leuesham
801 1340 844 1369 et
868 1329 1255 1384 Eastgrenewich'‚
1277 1340 1319 1369 et
1339 1330 1455 1369 bona
1482 1327 1740 1382 temporalia

82 1397 380 1451 spiritualibus
400 1412 575 1438 annexa
600 1397 642 1437 in
672 1397 774 1439 villa
799 1398 1011 1451 predicta,
1035 1407 1077 1438 et
1105 1398 1238 1438 frater
1259 1397 1506 1437 VVillelmus
1535 1396 1738 1451 Sergotz,

84 1477 346 1520 procurator
379 1467 621 1507 eorundem
648 1466 819 1506 abbatis
851 1477 893 1507 et
925 1477 1177 1517 conventus,
1201 1466 1358 1507 residet
1388 1465 1565 1507 ibidem.
1629 1466 1739 1506 Item

85 1535 290 1576 dominus
321 1535 475 1576 Petrus
497 1536 551 1576 de
575 1535 785 1588 Boyleau,
807 1534 1066 1590 alienigena,
1091 1536 1219 1575 habet
1244 1535 1451 1576 vicariam
1480 1534 1660 1575 ecclesie
1684 1535 1739 1575 de

86 1602 281 1644 Elttham
312 1613 356 1644 et
387 1604 549 1645 residet
581 1605 625 1644 in
658 1605 824 1646 eadem.
888 1605 998 1645 Item
1035 1604 1158 1658 prior
1192 1614 1236 1646 et
1270 1613 1513 1645 conventus
1547 1604 1602 1643 de
1633 1604 1736 1644 Ber-

85 1673 354 1726 mundeseye
377 1673 537 1714 habent
560 1673 603 1713 in
626 1673 836 1728 proprios
859 1688 962 1715 usus
983 1674 1188 1715 ecclesias
1209 1675 1264 1714 de
1281 1673 1526 1723 Cobeham,
1547 1673 1737 1723 Shorne,

83 1751 126 1782 et
157 1741 376 1796 Berlyng‘,
404 1753 447 1783 et
480 1742 686 1793 resident,
713 1754 761 1783 ut
790 1743 962 1793 dicitur,
992 1744 1035 1783 in
1064 1743 1265 1797 prioratu
1294 1743 1349 1782 de
1379 1742 1740 1797 Bermundeseya

84 1810 294 1864 predicta.
360 1812 454 1852 Nec
477 1822 578 1852 sunt
603 1811 674 1851 alii
703 1811 951 1866 alienigene
980 1812 1193 1853 habentes
1222 1811 1429 1852 beneficia
1449 1810 1739 1852 ecclesiastica

83 1878 127 1919 in
148 1879 312 1920 diocesi
336 1892 483 1921 nostra
501 1880 623 1934 quod
644 1880 817 1932 scimus,
834 1881 934 1921 licet
951 1881 1131 1935 quidam
1148 1880 1221 1921 alii
1244 1880 1457 1921 beneficia
1479 1879 1739 1934 temporalia

83 1948 381 2002 spiritualibus
402 1963 578 1990 annexa
602 1949 800 1990 obtinent
822 1950 865 1990 in
887 1951 1054 1991 eadem.

238 2157 537 2208 Dzsscpensaczb
556 2162 702 2209 slepezf
723 2158 901 2209 defectu
925 2160 1157 2199 ncztall'um
1178 2159 1386 2199 Rl'cardz'
1409 2158 1452 2198 T
1447 2158 1574 2199 ficol.

82 2225 163 2264 July
187 2226 235 2256 16.

180 2280 279 2325 [The
306 2280 445 2324 bishop,
472 2281 519 2324 by
544 2281 661 2314 virtue
688 2281 730 2315 of
752 2282 878 2314 letters
905 2281 946 2314 of
968 2282 1157 2323 Gaucelm,
1184 2282 1342 2315 cardinal
1374 2281 1500 2324 bishop
1527 2280 1568 2313 of
1591 2281 1735 2314 Albano

84 2339 185 2382 papal
211 2339 467 2382 penitentiary,
487 2339 594 2373 dated
614 2350 652 2380 15
681 2340 778 2384 May,
797 2352 897 2382 1343,
916 2341 1102 2384 dispenses
1129 2340 1285 2374 Richard
1310 2339 1441 2373 Tricot
1468 2339 1507 2373 of
1531 2339 1734 2383 Aylesford,

84 2408 149 2430 son
168 2397 207 2429 οῖ’
224 2397 431 2430 unmarried
450 2402 605 2440 parents,
626 2402 665 2431 to
684 2398 729 2431 be
748 2398 924 2431 ordained
941 2399 1013 2431 and
1032 2399 1117 2431 hold
1134 2410 1154 2431 a
1173 2398 1364 2442 benefice]

201 2466 356 2506 Frater
384 2466 546 2516 Hamo,
570 2466 860 2520 permissione
883 2467 1030 2508 divina
1058 2467 1277 2508 Roffensis
1305 2467 1553 2520 episcopus,
1575 2465 1736 2507 dilecto

86 2534 176 2575 filio
198 2534 392 2574 Ricardo
405 2534 560 2575 Tricot
582 2536 637 2575 de
659 2535 907 2589 Eylesford,
926 2548 1076 2577 nostre
1096 2536 1296 2586 diocesis,
1314 2535 1511 2585 salutem,
1528 2535 1734 2589 graciam,

86 2612 129 2643 et
149 2603 520 2644 benediccionem.
584 2603 755 2644 Literas
778 2605 1009 2645 reverendi
1037 2605 1081 2645 in
1110 2605 1287 2646 Christo
1314 2604 1451 2658 patris
1482 2614 1524 2644 et
1552 2604 1736 2651 domini,

85 2671 253 2712 domini
275 2671 500 2722 Gaucelm,
523 2672 593 2711 dei
616 2673 763 2726 gracia
787 2673 1052 2714 Albanensis
1074 2673 1271 2728 episcopi
1300 2672 1546 2723 cardinalis,
1567 2672 1735 2713 domini

86 2740 221 2780 nostri
244 2755 359 2794 pape
381 2741 696 2794 penitenciarii,
719 2755 801 2795 per
822 2752 864 2782 te
897 2743 1022 2783 nobis
1050 2743 1237 2783 directas
1267 2741 1526 2795 recepimus,
1548 2742 1734 2782 formam

86 2824 172 2863 que
194 2810 394 2862 sequitur
414 2810 686 2850 continentes
703 2825 770 2851 :-

88 2899 166 2938 May
187 2910 236 2938 15.

203 2965 454 3006 Venerabili
486 2966 528 3005 in
561 2966 740 3008 Christo
771 2968 886 3021 patri
918 2968 987 3008 dei
1021 2968 1170 3023 gracia
1197 2968 1408 3022 episcopo
1439 2969 1636 3008 Roffensi
1665 2968 1735 3009 vel

86 3033 179 3086 ejus
209 3034 372 3076 vicario
402 3035 446 3074 in
484 3035 797 3088 spiritualibus,
829 3036 1107 3081 Gaucelmus,
1140 3036 1426 3077 miseracione
1462 3036 1611 3077 divina
1642 3037 1733 3091 epi-

86 3116 246 3156 scopus
287 3103 568 3153 Albanensis,
611 3103 796 3144 salutem
837 3115 880 3145 et
926 3104 1136 3145 sinceram
1183 3105 1226 3144 in
1273 3105 1455 3146 domino
1495 3105 1735 3159 caritatem,

88 3172 320 3212 Accedens
353 3172 410 3212 ad
441 3172 729 3226 apostolicam
766 3174 916 3213 sedem
956 3173 1172 3214 Ricardus
1205 3173 1358 3215 Tricot
1392 3175 1446 3214 de
1483 3174 1734 3228 Eylesford,
