1925 3451
71 237 166 267 A.D.
194 224 338 280 1343]
648 219 880 281 Episcopi
910 219 1153 280 Roſj‘ensis
1646 235 1725 272 709

69 354 210 394 donec
230 352 347 393 aliud
370 366 504 406 super
530 352 613 392 hiis
634 352 760 393 vobis
788 351 1046 392 duxerimus
1078 351 1410 406 indulgendum.
1472 351 1723 393 Licenciam

70 435 189 471 vero,
211 421 246 461 si
269 435 401 474 quam
424 421 550 462 vobis
570 421 692 474 prius
713 420 1057 461 concesserimus
1078 420 1121 460 in
1144 420 1226 461 hac
1254 430 1395 473 parte,
1419 433 1498 460 nos
1523 420 1642 460 illam
1665 435 1724 460 ex

70 490 200 531 certis
231 489 373 530 causis
405 503 685 539 revocamus;
717 502 771 529 eo
804 489 1036 542 presertim
1069 491 1191 542 quod
1224 488 1383 529 nostris
1415 488 1725 529 commissariis

71 572 224 612 nuper,
246 557 449 599 videlicet
472 557 566 598 ix.⁰.
590 557 815 598 Kalendas
831 557 964 612 Junii,
986 557 1029 597 in
1052 557 1232 598 ecclesia
1249 557 1517 598 Mereworth
1538 559 1722 598 decana-

69 637 140 667 tus
161 627 216 667 de
237 626 452 680 Mallyng'
470 626 771 667 visitacionem
785 625 1012 666 actualiter
1032 626 1342 667 exercentibus
1364 626 1457 667 vice
1481 636 1631 667 nostra
1644 639 1724 667 vos

69 695 168 748 ipso
200 695 271 735 die
303 695 344 734 in
377 695 558 735 ecclesia
591 694 831 748 parochiali
863 695 918 734 de
950 694 1220 748 Leybourne
1253 694 1451 747 ejusdam
1485 694 1724 735 decanatus

67 762 249 804 ecclesie
272 763 468 817 predicte
490 763 627 804 visina
647 763 888 817 capitulum
914 774 1107 804 vestrum
1129 763 1330 804 tenuistis
1351 777 1429 803 seu
1452 765 1588 804 teneri
1619 763 1722 804 feci-

69 832 159 880 stis,
181 832 361 873 licencia
392 833 426 873 si
456 847 590 886 quam
620 832 856 873 habueritis
885 833 1120 883 abutendo,
1143 843 1185 873 et
1208 842 1401 872 nostram
1424 831 1723 874 visitacionem

69 901 307 954 predictam
318 901 683 942 nimisinciviliter
696 901 984 955 impediendo
998 901 1041 940 in
1058 900 1191 941 nostri
1209 900 1497 955 prejudicium
1511 911 1554 941 et
1568 914 1723 955 grava-

69 983 183 1011 men.
245 970 365 1020 Quid
387 981 533 1012 autem
555 970 804 1011 faciendum
825 970 1042 1010 duxeritis
1064 970 1106 1009 in
1124 969 1349 1024 premissis
1371 983 1450 1010 nos
1464 969 1723 1023 quantocius

69 1039 258 1093 receptis
294 1039 573 1092 presentibus
606 1040 698 1079 sine
739 1054 861 1080 more
898 1039 1133 1092 dispendio
1167 1038 1412 1079 certificetis
1449 1053 1528 1092 per
1559 1048 1723 1079 vestras

67 1117 271 1161 patentes
292 1107 438 1148 literas
460 1109 615 1148 harum
638 1107 796 1148 seriem
818 1107 1104 1148 continentes.
1163 1109 1277 1148 Date
1297 1108 1419 1161 apud
1433 1107 1722 1148 Trottesclive

67 1175 172 1229 viij0.
204 1176 426 1217 Kalendas
453 1176 585 1232 Junii,
614 1190 731 1217 anno
758 1176 923 1217 domini
953 1176 1187 1217 millesimo
1215 1182 1350 1217 6661110.
1380 1176 1721 1231 quadragesimo

66 1256 214 1287 terc1o.

484 1451 750 1492 Declaracz'o
772 1451 1066 1492 inhibicionzls*
1079 1452 1299 1503 predicte.

68 1530 161 1558 1343-

63 1575 154 1612 June
174 1584 201 1606 1.

160 1629 258 1673 [The
297 1629 425 1673 bishop
463 1629 670 1663 authorizes
708 1629 770 1662 the
808 1629 1037 1663 archdeacon
1072 1634 1110 1663 to
1141 1629 1284 1663 absolve
1312 1628 1652 1662 excommunicated
1679 1639 1722 1661 or

64 1687 267 1731 suspended
286 1698 434 1731 persons
453 1688 522 1721 and
540 1692 579 1720 to
597 1688 696 1720 relax
715 1687 905 1721 interdicts
924 1687 1248 1730 notwithstanding
1266 1687 1327 1721 the
1347 1688 1460 1720 above
1480 1685 1697 1730 inhibition.]

181 1757 336 1797 Frater
358 1757 506 1797 Hamo
528 1767 609 1797 etc.
631 1756 793 1797 dilecto
819 1756 911 1797 filio
942 1756 1254 1797 archidiacono
1286 1767 1366 1798 etc.
1429 1756 1553 1796 Licet
1581 1770 1722 1809 nuper

64 1840 146 1880 per
167 1836 339 1867 nostras
359 1826 486 1866 vobis
507 1825 652 1865 literas
673 1826 755 1864 sub
783 1825 886 1865 data
914 1824 1019 1877 viij0.
1044 1824 1269 1865 Kalendas
1289 1824 1406 1879 Junii
1435 1823 1591 1863 ultimo
1620 1838 1719 1877 pre-

64 1895 194 1935 terito
215 1896 436 1936 confectas
458 1893 790 1944 inhibuerimus,
814 1904 859 1934 ut
881 1904 947 1934 est
969 1893 1117 1943 moris,
1140 1908 1193 1934 ne
1221 1894 1444 1947 pendente
1465 1892 1721 1934 visitacione

64 1975 213 2004 nostra
234 1978 367 2017 quam
390 1962 702 2013 inchoavimus,
719 1962 1077 2017 jurisdiccionem
1094 1977 1170 2003 seu
1187 1962 1511 2003 correccionem
1529 1961 1719 2014 aliquam

64 2047 271 2073 exercere
292 2032 359 2073 vel
383 2033 525 2073 facere
547 2032 874 2085 presumeretis,
897 2041 961 2071 set
981 2032 1037 2071 ab
1060 2031 1224 2072 eisdem
1253 2031 1427 2071 interim
1456 2029 1721 2071 exercendis

63 2101 328 2142 desisteretis
351 2101 556 2151 omnin03
589 2101 713 2142 vobis
744 2112 888 2141 tamen
918 2111 965 2140 ut
994 2114 1280 2154 quoscunque
1312 2111 1416 2140 ante
1447 2100 1593 2139 datam
1622 2113 1720 2152 pre-

63 2170 223 2211 dictam
247 2185 326 2224 per
347 2184 426 2211 vos
443 2184 521 2210 seu
538 2169 772 2210 officialem
794 2179 987 2210 vestrum
1010 2169 1420 2210 excommunicatos
1441 2178 1515 2208 aut
1537 2181 1719 2221 suspen-

64 2253 136 2280 sos
165 2239 221 2280 ab
254 2239 505 2293 hujusmodi
541 2238 1016 2279 excommunicacionis
1048 2247 1123 2279 aut
1154 2237 1456 2293 suspensionis
1486 2236 1719 2277 sentenciis

63 2308 291 2349 absolvere
328 2319 371 2348 et
407 2307 651 2358 interdicta,
684 2308 719 2348 si
757 2322 843 2361 que
879 2307 1247 2361 interposueritis‚
1286 2307 1485 2347 relaxare
1522 2304 1716 2355 valeatis,

63 2377 263 2430 predicta
288 2376 553 2417 inhibicione
575 2390 663 2416 non
686 2377 906 2426 obstante,
927 2376 1155 2417 licenciam
1181 2376 1413 2430 specialem
1436 2374 1718 2415 concedimus

64 2460 145 2499 per
166 2455 404 2499 presentes.
457 2444 627 2485 Ceteris
648 2445 852 2486 omnibus
874 2445 917 2485 in
940 2445 1151 2499 predictis
1175 2444 1335 2485 nostris
1357 2443 1494 2484 literis
1514 2456 1716 2496 compre-

65 2514 224 2564 hensis,
239 2515 380 2554 donec
393 2513 510 2554 aliud
528 2513 848 2569 indulgendum
866 2515 1138 2565 duxerimus,
1153 2515 1195 2554 in
1211 2529 1291 2555 suo
1306 2515 1465 2554 robore
1483 2511 1716 2553 duraturis,

66 2584 180 2624 Date
220 2584 341 2637 apud
382 2582 685 2632 Trottesclive‚
725 2582 935 2623 Kalendis
970 2583 1090 2639 Junii
1126 2597 1244 2623 anno
1279 2581 1449 2622 domini
1486 2579 1716 2620 millesimo

62 2657 196 2693 6661110.
220 2650 345 2703 ΧΙίἰ]’“’“.

84 2781 147 2801 UHC
168 2781 195 2800 “”.

60 2771 77 2808 J
159 2790 392 2869 [brdination
412 2829 448 2858 at
469 2825 627 2867 Halling.
678 2824 811 2858 Names
831 2825 864 2858 in
884 2825 1001 2867 digest
1021 2825 1061 2858 of
1076 2823 1326 2867 ordinations]

179 2893 370 2934 Ordines
392 2893 598 2934 celebrati
621 2907 702 2946 per
722 2893 1015 2934 venerabilem
1032 2904 1201 2948 patrem
1217 2893 1444 2934 dominum
1466 2890 1715 2930 Hamonem

62 2962 132 3003 dei
162 2962 310 3016 gracia
341 2962 598 3015 episcopum
622 2962 876 3002 Roffensem
909 2962 951 3002 in
983 2962 1153 3015 capella
1184 2960 1365 3001 manerii
1396 2960 1451 2999 de
1486 2958 1713 3012 Hallyng',

64 3030 283 3071 Roffensis
314 3030 513 3080 diocesis,
544 3030 634 3084 vij0.
669 3031 772 3071 Idus
802 3030 935 3085 Junii,
968 3030 1169 3071 videlicet
1205 3030 1277 3070 die
1309 3027 1494 3070 Sabbati
1525 3037 1716 3080 quatuor

1635 3101 1700 3118 «1110

63 3109 314 3152 temporum
337 3098 379 3138 in
405 3099 649 3153 septimana
671 3098 983 3139 penthecostes
1003 3113 1121 3139 anno
1144 3098 1309 3138 domini
1329 3096 1560 3137 millesimo
1576 3109 1649 3135 ccc
1705 3129 1711 3136 .

63 3167 186 3221 xliijs'.
