1925 3451
175 210 255 258 692
713 203 1000 265 Registrnm
1038 202 1287 248 Hamom's
1554 200 1676 264 [A.D.
1702 217 1717 246 Ι
1730 217 1822 260 342

174 337 331 379 futuris
353 352 433 391 per
453 336 630 390 equales
651 335 885 389 porciones
906 335 1020 374 dicta
1041 334 1210 374 decima
1230 334 1284 374 ad
1305 348 1419 387 opus
1441 344 1639 374 nostrum
1660 333 1828 374 levetur

175 417 217 447 et
253 406 461 455 solvatur,
494 405 570 458 qui
601 405 667 445 sui
698 403 849 458 gracia
878 403 923 443 id
953 401 1155 443 benivole
1186 411 1511 452 concesserunt,
1543 403 1649 443 dum
1681 411 1826 441 tamen

175 474 302 517 vobis
323 485 365 515 et
390 474 486 514 aliis
513 473 803 514 confratribus
829 471 918 512 suis
945 481 1050 511 tunc
1077 470 1328 511 absentibus
1356 470 1526 524 placeat
1554 471 1695 511 facere
1721 469 1828 509 illud

176 543 310 593 idem;
337 542 585 597 specialiter
601 556 680 582 vos
697 555 907 595 rogamus
924 539 1129 593 quatinus
1147 539 1261 580 dicte
1278 539 1585 593 anticipacioni
1603 547 1829 593 gratanter

176 611 423 653 consentire
440 610 594 659 velitis,
609 610 689 664 (et)
701 619 945 650 convocato
962 608 1107 649 statim
1122 608 1240 649 clero
1253 619 1396 649 vestre
1409 608 1596 648 diocesis
1614 608 1732 661 ipsos
1747 606 1829 648 viis

177 690 220 721 et
238 680 380 721 modis
395 679 555 733 quibus
571 677 773 732 poteritis
789 692 888 718 cum
906 678 1026 718 omni
1046 676 1330 717 festinacione
1347 676 1582 717 efficaciter
1597 675 1828 726 inducatis,

177 749 463 790 rescribentes
493 748 617 788 nobis
645 746 845 787 celeriter
870 745 913 786 id
943 746 1064 799 quod
1096 745 1283 786 feceritis
1314 745 1358 785 in
1388 745 1468 786 hac
1499 755 1650 799 parte;
1681 745 1829 786 scituri

177 818 298 871 quod
334 832 393 857 ex
429 816 513 857 hoc
546 815 670 857 vobis
704 814 953 868 specialiter
994 814 1297 868 reputabimus
1335 814 1444 855 nos1
1482 814 1633 855 teneri.
1695 814 1831 855 Teste

177 886 399 927 Edwardo
428 885 541 925 (luce
565 883 791 925 Cornubie
822 894 864 924 et
891 883 1051 924 comite
1081 882 1264 934 Cestrie‚
1287 882 1379 923 filio
1406 893 1560 923 nostro
1591 882 1830 932 carissimo,

177 954 357 996 custode
393 953 574 1006 Anglie‚
607 953 729 1007 apud
764 953 1049 1007 Kenyngton,
1084 967 1162 992 XX.
1200 951 1272 992 die
1307 951 1515 993 Octobris
1550 965 1667 992 anno
1704 951 1830 1007 regni

179 1022 315 1064 nostri
337 1022 505 1077 Anglie
526 1021 844 1071 sextodecimo,
867 1021 994 1075 regni
1017 1033 1122 1061 vero
1144 1019 1281 1060 nostri
1305 1019 1488 1060 Francie
1511 1020 1659 1060 tercio.

179 1126 264 1157 Nov.
284 1127 336 1157 28.

295 1194 388 1234 Nos
408 1192 556 1246 igitur,
579 1192 693 1233 votis
721 1191 858 1246 regiis
886 1191 1050 1245 pariter
1079 1201 1123 1232 et
1147 1191 1391 1232 commodis
1413 1200 1618 1244 optantes
1639 1204 1831 1230 annuere

177 1261 302 1311 iuxta
334 1262 464 1311 vires,
495 1261 804 1314 anticipacioni
836 1260 1034 1314 predicte
1060 1274 1115 1301 eo
1141 1260 1276 1301 modo
1307 1274 1398 1313 quo
1426 1258 1583 1313 prelati
1612 1258 1655 1299 in
1684 1268 1832 1300 vestro

178 1341 405 1384 presentes
425 1330 608 1371 consilio
629 1330 748 1383 apud
772 1329 1215 1370 Westmonasterium
1239 1339 1486 1370 convocato
1507 1336 1830 1376 concesserunt,

178 1400 376 1448 eandem,
399 1409 442 1439 et
463 1410 679 1453 quantum
710 1410 903 1439 nostram
932 1399 1157 1439 concernit
1186 1412 1435 1452 personam,
1455 1406 1679 1451 gratanter
1701 1396 1831 1437 duxi-

179 1483 276 1509 mus
322 1469 616 1518 annuendam,
656 1468 979 1522 pecuniamque
1027 1482 1109 1508 nos
1154 1467 1484 1521 contingentem
1525 1465 1833 1507 collectoribus

177 1539 233 1578 ad
267 1538 350 1578 hoc
378 1537 421 1578 in
452 1548 600 1578 nostra
628 1537 792 1577 diocesi
821 1537 1088 1591 deputandis
1113 1538 1169 1577 ad
1195 1536 1419 1590 predictos
1447 1535 1659 1576 terminos
1680 1534 1831 1575 antici-

178 1607 351 1660 pandos
369 1606 411 1646 in
429 1616 637 1647 eventum
654 1605 1057 1660 proporcionaliter
1072 1604 1243 1645 exsolvi
1260 1604 1477 1645 faciemus.
1530 1602 1710 1644 Clerum
1727 1617 1832 1644 vero

179 1686 327 1716 nostre
348 1675 536 1716 diocesis
557 1675 757 1729 predicte
779 1674 1025 1728 specialiter
1046 1673 1278 1715 occasione
1294 1672 1508 1727 premissa
1525 1672 1708 1713 fecimus
1730 1686 1832 1713 con-

178 1745 339 1795 vocari,
379 1759 430 1785 ac
471 1743 862 1785 exhortacionibus
902 1743 1114 1784 allectivis
1157 1742 1394 1784 efficaciter
1434 1741 1581 1782 induci
1626 1741 1833 1795 quatinus

178 1814 321 1855 eidem
342 1813 648 1867 anticipacioni
672 1814 808 1854 modo
828 1812 1045 1853 consimili
1068 1812 1386 1860 consentirent3
1415 1810 1491 1864 qui
1515 1809 1641 1850 nobis
1659 1809 1829 1850 humili-

179 1893 245 1924 ter
266 1883 604 1936 responderunt,
626 1892 870 1923 asserentes
892 1882 1015 1935 quod
1037 1891 1126 1922 tam
1147 1881 1279 1922 variis
1302 1879 1662 1934 imposicionibus
1684 1880 1830 1919 hacte-

181 1966 262 1992 nus
302 1951 469 1992 onerati
506 1965 639 2004 quam
673 1952 893 1991 bonorum
934 1964 1114 1991 suorum
1147 1949 1431 2003 capcionibus
1462 1963 1542 2002 per
1573 1958 1831 2001 magnatum

180 2019 403 2061 ministros
444 2020 569 2060 factis
610 2019 862 2073 pregravati
910 2019 1118 2067 existunt,
1161 2028 1372 2071 tantaque
1412 2017 1466 2057 sit
1506 2016 1832 2070 depauperacio

180 2089 336 2143 populi
377 2099 565 2143 propter
605 2102 739 2142 quam
779 2087 948 2141 jurium
989 2087 1383 2128 ecclesiasticorum
1424 2096 1467 2126 et
1506 2085 1831 2126 obvencionum

179 2158 471 2212 gratuitarum
500 2157 747 2198 subtraccio
779 2157 958 2198 inolevit
987 2157 1069 2196 hiis
1091 2156 1246 2196 diebus
1268 2156 1388 2208 quod
1417 2155 1495 2196 vix
1525 2154 1685 2195 sufficit
1716 2154 1833 2195 idem

180 2227 320 2267 clerus
351 2227 406 2266 ad
437 2226 708 2267 solucionem
739 2225 910 2266 decime
941 2226 983 2265 in
1017 2224 1317 2279 preconcessis
1349 2223 1544 2264 terminis
1575 2223 1830 2264 faciendam.

181 2296 369 2350 Regiam
401 2295 564 2336 idcirco
595 2294 875 2335 clemenciam
906 2294 1047 2335 clerus
1089 2294 1298 2347 implorat
1337 2293 1594 2339 antedictus,
1627 2291 1834 2346 quatinus

181 2379 304 2405 suam
319 2364 630 2418 impotenciam
647 2365 702 2404 ab
717 2363 1035 2417 anticipacione
1053 2362 1252 2416 predicta
1264 2361 1472 2416 dignetur
1488 2361 1650 2402 habere
1669 2361 1831 2401 miseri—

181 2435 373 2474 corditer
413 2443 678 2474 excusatam.
755 2433 1045 2486 Magestatem
1085 2432 1254 2486 regiam
1297 2430 1460 2484 dirigat
1500 2430 1737 2471 altissimus
1777 2430 1832 2470 ad

180 2502 361 2543 ecclesie
401 2513 445 2543 et
492 2502 649 2556 populi
699 2501 935 2543 Christiani
979 2500 1307 2554 proteccionem
1347 2509 1390 2540 et
1430 2499 1627 2553 regimen
1677 2499 1832 2539 diebus

182 2571 408 2625 prosperis
431 2571 596 2625 pariter
618 2581 659 2612 et
681 2570 891 2624 longeviS.
955 2569 1182 2622 Scriptum
1203 2569 1322 2622 apud
1350 2567 1563 2622 Hallyng'
1584 2567 1738 2622 xxviij.
1762 2568 1833 2608 die

182 2640 343 2680 mensis
366 2639 628 2681 Novembris
649 2653 766 2679 anno
787 2638 954 2679 domini
978 2638 1209 2678 millesimo
1230 2643 1363 2678 ccc¹¹¹0.
1388 2636 1496 2690 xlijffi'.

354 2867 513 2907 Lsfere
533 2867 662 2907 ducis
687 2865 727 2906 C
726 2866 916 2906 omznbz'e
935 2871 1078 2918 super
1100 2866 1664 2918 aulz'cz'pacz'onepredicta.

184 2936 259 2966 Oct.
276 2945 327 2965 22.

278 2990 423 3033 [Letter
441 2990 482 3022 of
496 2990 596 3034 privy
614 2990 684 3023 sea]
710 2989 804 3022 from
830 2989 891 3022 the
917 2989 1012 3022 duke
1035 2988 1076 3021 of
1097 2989 1276 3022 Cornwall
1300 2994 1339 3022 to
1364 2989 1426 3022 the
1452 2999 1549 3021 same
1576 2988 1683 3021 effect
1709 2999 1746 3021 as
1772 2988 1833 3020 the

184 3050 263 3081 writ
282 3049 322 3081 of
337 3050 417 3082 Oct.
442 3047 513 3092 20.]

903 3171 913 3189 ¹
941 3171 1011 3202 MS.
1030 3182 1102 3202 vos.
