<?xml version="1.0" encoding="UTF-8"?>
<!DOCTYPE html PUBLIC "-//W3C//DTD XHTML 1.0 Transitional//EN"
    "http://www.w3.org/TR/xhtml1/DTD/xhtml1-transitional.dtd">
<html xmlns="http://www.w3.org/1999/xhtml" xml:lang="en" lang="en">
 <head>
  <title>
</title>
<meta http-equiv="Content-Type" content="text/html;charset=utf-8" />
  <meta name='ocr-system' content='tesseract 3.04.00' />
  <meta name='ocr-capabilities' content='ocr_page ocr_carea ocr_par ocr_line ocrx_word'/>
</head>
<body>
  <div class='ocr_page' id='page_1' title='image "./registrumhamonis07cath_0019.png"; bbox 0 0 1925 3451; ppageno 0'>
   <div class='ocr_carea' id='block_1_1' title="bbox 84 175 1736 241">
    <p class='ocr_par' dir='ltr' id='par_1_1' title="bbox 84 175 1736 241">
     <span class='ocr_line' id='line_1_1' title="bbox 84 175 1736 241; baseline -0.007 -14"><span class='ocrx_word' id='word_1_1' title='bbox 84 196 180 227; x_wconf 88' lang='lat' dir='ltr'><strong>A.D.</strong></span> <span class='ocrx_word' id='word_1_2' title='bbox 216 177 363 241; x_wconf 81' lang='lat'>1341]</span> <span class='ocrx_word' id='word_1_3' title='bbox 654 176 887 238; x_wconf 71' lang='lat' dir='ltr'>Episcopi</span> <span class='ocrx_word' id='word_1_4' title='bbox 918 175 1160 236; x_wconf 72' lang='lat' dir='ltr'>Rcffensz&#39;s</span> <span class='ocrx_word' id='word_1_5' title='bbox 1654 178 1736 227; x_wconf 86' lang='lat'>669</span> 
     </span>
    </p>
   </div>
   <div class='ocr_carea' id='block_1_2' title="bbox 117 254 1729 281">
    <p class='ocr_par' dir='ltr' id='par_1_2' title="bbox 117 254 1729 281">
     <span class='ocr_line' id='line_1_2' title="bbox 117 254 1729 281; baseline 0 0"><span class='ocrx_word' id='word_1_6' title='bbox 117 254 1729 281; x_wconf 95' lang='lat' dir='ltr'> </span> 
     </span>
    </p>
   </div>
   <div class='ocr_carea' id='block_1_3' title="bbox 738 336 1092 391">
    <p class='ocr_par' dir='ltr' id='par_1_3' title="bbox 738 336 1092 391">
     <span class='ocr_line' id='line_1_3' title="bbox 738 336 1092 391; baseline -0.006 -13"><span class='ocrx_word' id='word_1_7' title='bbox 738 336 1092 391; x_wconf 68' lang='lat' dir='ltr'>Wolerz&#39;ngbery.</span> 
     </span>
    </p>
   </div>
   <div class='ocr_carea' id='block_1_4' title="bbox 84 415 1732 512">
    <p class='ocr_par' dir='ltr' id='par_1_4' title="bbox 84 415 1732 512">
     <span class='ocr_line' id='line_1_4' title="bbox 180 415 1732 462; baseline -0.003 -9"><span class='ocrx_word' id='word_1_8' title='bbox 180 419 390 453; x_wconf 86' lang='lat' dir='ltr'>Institution</span> <span class='ocrx_word' id='word_1_9' title='bbox 415 418 456 451; x_wconf 89' lang='lat' dir='ltr'>of</span> <span class='ocrx_word' id='word_1_10' title='bbox 470 418 566 462; x_wconf 89' lang='lat' dir='ltr'>John</span> <span class='ocrx_word' id='word_1_11' title='bbox 591 418 636 450; x_wconf 92' lang='lat' dir='ltr'>de</span> <span class='ocrx_word' id='word_1_12' title='bbox 661 415 866 458; x_wconf 79' lang='lat' dir='ltr'>Lichefeld,</span> <span class='ocrx_word' id='word_1_13' title='bbox 884 417 1008 460; x_wconf 88' lang='lat' dir='ltr'>priest,</span> <span class='ocrx_word' id='word_1_14' title='bbox 1027 420 1067 449; x_wconf 89' lang='lat' dir='ltr'>to</span> <span class='ocrx_word' id='word_1_15' title='bbox 1085 415 1373 459; x_wconf 85' lang='lat' dir='ltr'>Wateringbury</span> <span class='ocrx_word' id='word_1_16' title='bbox 1392 415 1449 458; x_wconf 68' lang='lat' dir='ltr'>V„</span> <span class='ocrx_word' id='word_1_17' title='bbox 1469 415 1515 458; x_wconf 91' lang='lat' dir='ltr'>by</span> <span class='ocrx_word' id='word_1_18' title='bbox 1535 415 1732 457; x_wconf 85' lang='lat' dir='ltr'>exchange.</span> 
     </span>
     <span class='ocr_line' id='line_1_5' title="bbox 84 473 1402 512; baseline -0.005 0"><span class='ocrx_word' id='word_1_19' title='bbox 84 479 239 512; x_wconf 86' lang='lat' dir='ltr'>Patrons</span> <span class='ocrx_word' id='word_1_20' title='bbox 258 478 299 512; x_wconf 89' lang='lat' dir='ltr'>P.</span> <span class='ocrx_word' id='word_1_21' title='bbox 319 476 389 510; x_wconf 84' lang='lat' dir='ltr'>and</span> <span class='ocrx_word' id='word_1_22' title='bbox 409 477 450 511; x_wconf 88' lang='lat' dir='ltr'>C.</span> <span class='ocrx_word' id='word_1_23' title='bbox 469 476 510 510; x_wconf 93' lang='lat' dir='ltr'>of</span> <span class='ocrx_word' id='word_1_24' title='bbox 525 476 653 509; x_wconf 91' lang='lat' dir='ltr'>Leeds.</span> <span class='ocrx_word' id='word_1_25' title='bbox 704 475 821 509; x_wconf 81' lang='lat' dir='ltr'>Oaths</span> <span class='ocrx_word' id='word_1_26' title='bbox 838 475 880 509; x_wconf 92' lang='lat' dir='ltr'>of</span> <span class='ocrx_word' id='word_1_27' title='bbox 893 475 1095 508; x_wconf 87' lang='lat' dir='ltr'>obedience</span> <span class='ocrx_word' id='word_1_28' title='bbox 1114 473 1184 507; x_wconf 87' lang='lat' dir='ltr'>and</span> <span class='ocrx_word' id='word_1_29' title='bbox 1203 473 1402 507; x_wconf 89' lang='lat' dir='ltr'>residence.</span> 
     </span>
    </p>
   </div>
   <div class='ocr_carea' id='block_1_5' title="bbox 806 578 1015 581">
    <p class='ocr_par' dir='ltr' id='par_1_5' title="bbox 806 578 1015 581">
     <span class='ocr_line' id='line_1_6' title="bbox 806 578 1015 581; baseline 0 0"><span class='ocrx_word' id='word_1_30' title='bbox 806 578 1015 581; x_wconf 95' lang='lat' dir='ltr'> </span> 
     </span>
    </p>
   </div>
   <div class='ocr_carea' id='block_1_6' title="bbox 82 631 1738 861">
    <p class='ocr_par' dir='ltr' id='par_1_6' title="bbox 82 631 1738 861">
     <span class='ocr_line' id='line_1_7' title="bbox 775 631 1052 673; baseline -0.007 0"><span class='ocrx_word' id='word_1_31' title='bbox 775 631 955 673; x_wconf 71' lang='lat' dir='ltr'>Woldelz</span> <span class='ocrx_word' id='word_1_32' title='bbox 961 646 987 671; x_wconf 83' lang='lat' dir='ltr'>a</span> <span class='ocrx_word' id='word_1_33' title='bbox 993 645 1052 671; x_wconf 82' lang='lat'>772.</span> 
     </span>
     <span class='ocr_line' id='line_1_8' title="bbox 83 702 214 742; baseline 0.015 -10"><span class='ocrx_word' id='word_1_34' title='bbox 83 702 166 742; x_wconf 89' lang='lat' dir='ltr'>Apr.</span> <span class='ocrx_word' id='word_1_35' title='bbox 184 713 214 740; x_wconf 86' lang='lat'>4.</span> 
     </span>
     <span class='ocr_line' id='line_1_9' title="bbox 179 753 1737 802; baseline -0.002 -12"><span class='ocrx_word' id='word_1_36' title='bbox 179 757 291 802; x_wconf 87' lang='lat' dir='ltr'>[John</span> <span class='ocrx_word' id='word_1_37' title='bbox 319 756 363 790; x_wconf 89' lang='lat' dir='ltr'>de</span> <span class='ocrx_word' id='word_1_38' title='bbox 390 756 624 798; x_wconf 80' lang='lat' dir='ltr'>Percebrigg,</span> <span class='ocrx_word' id='word_1_39' title='bbox 651 755 773 789; x_wconf 84' lang='lat' dir='ltr'>whose</span> <span class='ocrx_word' id='word_1_40' title='bbox 799 755 986 797; x_wconf 78' lang='lat' dir='ltr'>exchange</span> <span class='ocrx_word' id='word_1_41' title='bbox 1012 753 1052 787; x_wconf 90' lang='lat' dir='ltr'>of</span> <span class='ocrx_word' id='word_1_42' title='bbox 1078 753 1336 797; x_wconf 86' lang='lat' dir='ltr'>Shipmeadow</span> <span class='ocrx_word' id='word_1_43' title='bbox 1371 754 1414 788; x_wconf 83' lang='lat' dir='ltr'>R.</span> <span class='ocrx_word' id='word_1_44' title='bbox 1445 753 1619 798; x_wconf 86' lang='lat' dir='ltr'>(Suffolk)</span> <span class='ocrx_word' id='word_1_45' title='bbox 1651 754 1737 788; x_wconf 84' lang='lat' dir='ltr'>with</span> 
     </span>
     <span class='ocr_line' id='line_1_10' title="bbox 82 812 1738 861; baseline -0.003 -11"><span class='ocrx_word' id='word_1_46' title='bbox 82 816 179 861; x_wconf 89' lang='lat' dir='ltr'>John</span> <span class='ocrx_word' id='word_1_47' title='bbox 199 816 355 848; x_wconf 84' lang='lat' dir='ltr'>Calabre</span> <span class='ocrx_word' id='word_1_48' title='bbox 372 814 430 847; x_wconf 91' lang='lat' dir='ltr'>for</span> <span class='ocrx_word' id='word_1_49' title='bbox 448 814 671 848; x_wconf 85' lang='lat' dir='ltr'>Wouldham</span> <span class='ocrx_word' id='word_1_50' title='bbox 693 814 735 847; x_wconf 90' lang='lat' dir='ltr'>R.</span> <span class='ocrx_word' id='word_1_51' title='bbox 756 812 818 846; x_wconf 84' lang='lat' dir='ltr'>has</span> <span class='ocrx_word' id='word_1_52' title='bbox 836 813 931 846; x_wconf 91' lang='lat' dir='ltr'>been</span> <span class='ocrx_word' id='word_1_53' title='bbox 955 812 1138 856; x_wconf 85' lang='lat' dir='ltr'>approved</span> <span class='ocrx_word' id='word_1_54' title='bbox 1155 812 1203 856; x_wconf 85' lang='lat' dir='ltr'>by</span> <span class='ocrx_word' id='word_1_55' title='bbox 1221 812 1285 845; x_wconf 91' lang='lat' dir='ltr'>the</span> <span class='ocrx_word' id='word_1_56' title='bbox 1305 812 1434 856; x_wconf 90' lang='lat' dir='ltr'>bishop</span> <span class='ocrx_word' id='word_1_57' title='bbox 1460 812 1530 845; x_wconf 87' lang='lat' dir='ltr'>and</span> <span class='ocrx_word' id='word_1_58' title='bbox 1557 812 1738 846; x_wconf 85' lang='lat' dir='ltr'>executed</span> 
     </span>
    </p>
   </div>
   <div class='ocr_carea' id='block_1_7' title="bbox 82 870 1744 975">
    <p class='ocr_par' dir='ltr' id='par_1_7' title="bbox 82 870 1744 975">
     <span class='ocr_line' id='line_1_11' title="bbox 82 870 1744 918; baseline -0.002 -11"><span class='ocrx_word' id='word_1_59' title='bbox 82 875 131 918; x_wconf 91' lang='lat' dir='ltr'>by</span> <span class='ocrx_word' id='word_1_60' title='bbox 150 874 266 907; x_wconf 85' lang='lat' dir='ltr'>Adam</span> <span class='ocrx_word' id='word_1_61' title='bbox 287 872 528 912; x_wconf 81' lang='lat' dir='ltr'>Murimouth,</span> <span class='ocrx_word' id='word_1_62' title='bbox 546 872 669 905; x_wconf 81' lang='lat' dir='ltr'><strong>makes</strong></span> <span class='ocrx_word' id='word_1_63' title='bbox 688 871 742 904; x_wconf 86' lang='lat' dir='ltr'>his</span> <span class='ocrx_word' id='word_1_64' title='bbox 760 871 846 905; x_wconf 88' lang='lat' dir='ltr'>oath</span> <span class='ocrx_word' id='word_1_65' title='bbox 869 870 912 904; x_wconf 93' lang='lat' dir='ltr'>of</span> <span class='ocrx_word' id='word_1_66' title='bbox 933 870 1136 904; x_wconf 89' lang='lat' dir='ltr'>obedience</span> <span class='ocrx_word' id='word_1_67' title='bbox 1163 870 1234 904; x_wconf 89' lang='lat' dir='ltr'>and</span> <span class='ocrx_word' id='word_1_68' title='bbox 1260 871 1422 904; x_wconf 82' lang='lat' dir='ltr'>receives</span> <span class='ocrx_word' id='word_1_69' title='bbox 1441 870 1494 904; x_wconf 89' lang='lat' dir='ltr'>his</span> <span class='ocrx_word' id='word_1_70' title='bbox 1512 871 1682 904; x_wconf 80' lang='lat' dir='ltr'>mandate</span> <span class='ocrx_word' id='word_1_71' title='bbox 1701 870 1744 904; x_wconf 90' lang='lat' dir='ltr'>of</span> 
     </span>
     <span class='ocr_line' id='line_1_12' title="bbox 82 930 604 975; baseline -0.004 -9"><span class='ocrx_word' id='word_1_72' title='bbox 82 932 274 966; x_wconf 86' lang='lat' dir='ltr'>induction</span> <span class='ocrx_word' id='word_1_73' title='bbox 292 935 332 964; x_wconf 85' lang='lat' dir='ltr'>to</span> <span class='ocrx_word' id='word_1_74' title='bbox 353 930 604 975; x_wconf 62' lang='lat' dir='ltr'>VVouldham]</span> 
     </span>
    </p>
   </div>
   <div class='ocr_carea' id='block_1_8' title="bbox 79 996 1751 2349">
    <p class='ocr_par' dir='ltr' id='par_1_8' title="bbox 84 996 1741 1123">
     <span class='ocr_line' id='line_1_13' title="bbox 201 996 1741 1053; baseline -0.002 -12"><span class='ocrx_word' id='word_1_75' title='bbox 201 999 346 1041; x_wconf 84' lang='lat' dir='ltr'>Pridie</span> <span class='ocrx_word' id='word_1_76' title='bbox 377 1000 527 1041; x_wconf 93' lang='lat' dir='ltr'>Nonas</span> <span class='ocrx_word' id='word_1_77' title='bbox 558 998 727 1053; x_wconf 80' lang='lat' dir='ltr'>Aprilis</span> <span class='ocrx_word' id='word_1_78' title='bbox 758 1011 875 1039; x_wconf 85' lang='lat' dir='ltr'>anno</span> <span class='ocrx_word' id='word_1_79' title='bbox 907 997 1073 1038; x_wconf 91' lang='lat' dir='ltr'>domini</span> <span class='ocrx_word' id='word_1_80' title='bbox 1104 996 1360 1051; x_wconf 90' lang='lat' dir='ltr'>supradicto</span> <span class='ocrx_word' id='word_1_81' title='bbox 1392 998 1436 1037; x_wconf 92' lang='lat' dir='ltr'>in</span> <span class='ocrx_word' id='word_1_82' title='bbox 1478 997 1645 1051; x_wconf 85' lang='lat' dir='ltr'>capella</span> <span class='ocrx_word' id='word_1_83' title='bbox 1685 997 1741 1038; x_wconf 93' lang='lat' dir='ltr'>de</span> 
     </span>
     <span class='ocr_line' id='line_1_14' title="bbox 84 1068 299 1123; baseline -0.009 -12"><span class='ocrx_word' id='word_1_84' title='bbox 84 1068 299 1123; x_wconf 84' lang='lat' dir='ltr'>Hallyng.</span> 
     </span>
    </p>

    <p class='ocr_par' dir='ltr' id='par_1_9' title="bbox 79 1134 1751 2349">
     <span class='ocr_line' id='line_1_15' title="bbox 201 1134 1738 1191; baseline -0.003 -12"><span class='ocrx_word' id='word_1_85' title='bbox 201 1137 418 1179; x_wconf 84' lang='lat' dir='ltr'>Dominus</span> <span class='ocrx_word' id='word_1_86' title='bbox 458 1136 723 1191; x_wconf 82' lang='lat' dir='ltr'>approbavit</span> <span class='ocrx_word' id='word_1_87' title='bbox 766 1149 919 1176; x_wconf 80' lang='lat' dir='ltr'>causas</span> <span class='ocrx_word' id='word_1_88' title='bbox 960 1134 1305 1188; x_wconf 89' lang='lat' dir='ltr'>permutacionis</span> <span class='ocrx_word' id='word_1_89' title='bbox 1346 1134 1459 1175; x_wconf 91' lang='lat' dir='ltr'>inter</span> <span class='ocrx_word' id='word_1_90' title='bbox 1506 1134 1738 1175; x_wconf 89' lang='lat' dir='ltr'>dominum</span> 
     </span>
     <span class='ocr_line' id='line_1_16' title="bbox 79 1202 1740 1262; baseline -0.001 -15"><span class='ocrx_word' id='word_1_91' title='bbox 79 1206 330 1262; x_wconf 89' lang='lat' dir='ltr'>Johannem</span> <span class='ocrx_word' id='word_1_92' title='bbox 350 1205 551 1254; x_wconf 90' lang='lat' dir='ltr'>Calabre,</span> <span class='ocrx_word' id='word_1_93' title='bbox 573 1215 787 1245; x_wconf 90' lang='lat' dir='ltr'>rectorem</span> <span class='ocrx_word' id='word_1_94' title='bbox 809 1203 989 1244; x_wconf 87' lang='lat' dir='ltr'>ecclesie</span> <span class='ocrx_word' id='word_1_95' title='bbox 1010 1204 1065 1243; x_wconf 92' lang='lat' dir='ltr'>de</span> <span class='ocrx_word' id='word_1_96' title='bbox 1087 1202 1366 1253; x_wconf 87' lang='lat' dir='ltr'>Woldeham,</span> <span class='ocrx_word' id='word_1_97' title='bbox 1392 1203 1616 1244; x_wconf 89' lang='lat' dir='ltr'>Roffensis</span> <span class='ocrx_word' id='word_1_98' title='bbox 1646 1203 1740 1245; x_wconf 91' lang='lat' dir='ltr'>dio-</span> 
     </span>
     <span class='ocr_line' id='line_1_17' title="bbox 84 1271 1741 1329; baseline -0.002 -13"><span class='ocrx_word' id='word_1_99' title='bbox 84 1275 193 1316; x_wconf 90' lang='lat' dir='ltr'>cesis</span> <span class='ocrx_word' id='word_1_100' title='bbox 214 1286 259 1316; x_wconf 91' lang='lat' dir='ltr'>et</span> <span class='ocrx_word' id='word_1_101' title='bbox 280 1275 347 1316; x_wconf 91' lang='lat' dir='ltr'>sui</span> <span class='ocrx_word' id='word_1_102' title='bbox 368 1285 641 1329; x_wconf 76' lang='lat' dir='ltr'>patronatUS‚</span> <span class='ocrx_word' id='word_1_103' title='bbox 663 1287 712 1314; x_wconf 91' lang='lat' dir='ltr'>ac</span> <span class='ocrx_word' id='word_1_104' title='bbox 733 1272 963 1313; x_wconf 91' lang='lat' dir='ltr'>dominum</span> <span class='ocrx_word' id='word_1_105' title='bbox 980 1272 1228 1327; x_wconf 88' lang='lat' dir='ltr'>Johannem</span> <span class='ocrx_word' id='word_1_106' title='bbox 1258 1271 1573 1326; x_wconf 81' lang='lat' dir='ltr'>Percebrygg&#39;‚</span> <span class='ocrx_word' id='word_1_107' title='bbox 1602 1282 1741 1313; x_wconf 90' lang='lat' dir='ltr'>recto-</span> 
     </span>
     <span class='ocr_line' id='line_1_18' title="bbox 85 1340 1741 1396; baseline -0.002 -11"><span class='ocrx_word' id='word_1_108' title='bbox 85 1359 178 1385; x_wconf 88' lang='lat' dir='ltr'>rem</span> <span class='ocrx_word' id='word_1_109' title='bbox 200 1343 380 1385; x_wconf 85' lang='lat' dir='ltr'>ecclesie</span> <span class='ocrx_word' id='word_1_110' title='bbox 401 1344 457 1383; x_wconf 91' lang='lat' dir='ltr'>de</span> <span class='ocrx_word' id='word_1_111' title='bbox 480 1342 837 1396; x_wconf 87' lang='lat' dir='ltr'>Schipmedowe‚</span> <span class='ocrx_word' id='word_1_112' title='bbox 869 1341 1182 1394; x_wconf 87' lang='lat' dir='ltr'>Norwycensis</span> <span class='ocrx_word' id='word_1_113' title='bbox 1211 1340 1413 1390; x_wconf 89' lang='lat' dir='ltr'>diocesis,</span> <span class='ocrx_word' id='word_1_114' title='bbox 1445 1350 1490 1381; x_wconf 90' lang='lat' dir='ltr'>et</span> <span class='ocrx_word' id='word_1_115' title='bbox 1520 1340 1741 1381; x_wconf 88' lang='lat' dir='ltr'>commisit</span> 
     </span>
     <span class='ocr_line' id='line_1_19' title="bbox 86 1408 1742 1465; baseline -0.002 -12"><span class='ocrx_word' id='word_1_116' title='bbox 86 1413 204 1453; x_wconf 93' lang='lat' dir='ltr'>idem</span> <span class='ocrx_word' id='word_1_117' title='bbox 224 1413 432 1453; x_wconf 90' lang='lat' dir='ltr'>dominus</span> <span class='ocrx_word' id='word_1_118' title='bbox 452 1411 567 1453; x_wconf 89' lang='lat' dir='ltr'>vices</span> <span class='ocrx_word' id='word_1_119' title='bbox 590 1425 690 1452; x_wconf 90' lang='lat' dir='ltr'>suas</span> <span class='ocrx_word' id='word_1_120' title='bbox 710 1410 924 1465; x_wconf 84' lang='lat' dir='ltr'>magistro</span> <span class='ocrx_word' id='word_1_121' title='bbox 946 1409 1050 1450; x_wconf 85' lang='lat' dir='ltr'>Ade</span> <span class='ocrx_word' id='word_1_122' title='bbox 1072 1408 1377 1463; x_wconf 78' lang='lat' dir='ltr'>Murymouth‚</span> <span class='ocrx_word' id='word_1_123' title='bbox 1396 1409 1608 1450; x_wconf 85' lang='lat' dir='ltr'>canonico</span> <span class='ocrx_word' id='word_1_124' title='bbox 1626 1410 1742 1450; x_wconf 93' lang='lat' dir='ltr'>Lon-</span> 
     </span>
     <span class='ocr_line' id='line_1_20' title="bbox 86 1477 1743 1533; baseline -0.002 -11"><span class='ocrx_word' id='word_1_125' title='bbox 86 1481 300 1531; x_wconf 86' lang='lat' dir='ltr'>doniensi‚</span> <span class='ocrx_word' id='word_1_126' title='bbox 332 1483 388 1522; x_wconf 90' lang='lat' dir='ltr'>ad</span> <span class='ocrx_word' id='word_1_127' title='bbox 417 1480 740 1521; x_wconf 89' lang='lat' dir='ltr'>admittendum</span> <span class='ocrx_word' id='word_1_128' title='bbox 772 1479 990 1532; x_wconf 88' lang='lat' dir='ltr'>prefatum</span> <span class='ocrx_word' id='word_1_129' title='bbox 1023 1478 1252 1519; x_wconf 89' lang='lat' dir='ltr'>dominum</span> <span class='ocrx_word' id='word_1_130' title='bbox 1279 1477 1315 1532; x_wconf 93' lang='lat' dir='ltr'>J.</span> <span class='ocrx_word' id='word_1_131' title='bbox 1350 1479 1651 1533; x_wconf 83' lang='lat' dir='ltr'>Percebrygg&#39;</span> <span class='ocrx_word' id='word_1_132' title='bbox 1686 1478 1743 1519; x_wconf 88' lang='lat' dir='ltr'>ad</span> 
     </span>
     <span class='ocr_line' id='line_1_21' title="bbox 87 1547 1744 1602; baseline -0.002 -10"><span class='ocrx_word' id='word_1_133' title='bbox 87 1549 313 1592; x_wconf 83' lang='lat' dir='ltr'>ecclesiam</span> <span class='ocrx_word' id='word_1_134' title='bbox 334 1550 390 1590; x_wconf 92' lang='lat' dir='ltr'>de</span> <span class='ocrx_word' id='word_1_135' title='bbox 406 1548 674 1590; x_wconf 90' lang='lat' dir='ltr'>Woldeham</span> <span class='ocrx_word' id='word_1_136' title='bbox 691 1547 936 1602; x_wconf 84' lang='lat' dir='ltr'>predictam</span> <span class='ocrx_word' id='word_1_137' title='bbox 952 1562 1011 1587; x_wconf 78' lang='lat' dir='ltr'>ex</span> <span class='ocrx_word' id='word_1_138' title='bbox 1027 1560 1156 1587; x_wconf 88' lang='lat' dir='ltr'>causa</span> <span class='ocrx_word' id='word_1_139' title='bbox 1171 1547 1516 1600; x_wconf 89' lang='lat' dir='ltr'>permutacionis</span> <span class='ocrx_word' id='word_1_140' title='bbox 1531 1547 1744 1601; x_wconf 87' lang='lat' dir='ltr'>predicte,</span> 
     </span>
     <span class='ocr_line' id='line_1_22' title="bbox 88 1615 1743 1674; baseline -0.002 -14"><span class='ocrx_word' id='word_1_141' title='bbox 88 1630 266 1673; x_wconf 85' lang='lat' dir='ltr'>recepta</span> <span class='ocrx_word' id='word_1_142' title='bbox 287 1619 494 1674; x_wconf 91' lang='lat' dir='ltr'>primitus</span> <span class='ocrx_word' id='word_1_143' title='bbox 514 1617 819 1672; x_wconf 84' lang='lat' dir='ltr'>resignacione</span> <span class='ocrx_word' id='word_1_144' title='bbox 841 1615 1008 1656; x_wconf 87' lang='lat' dir='ltr'>domini</span> <span class='ocrx_word' id='word_1_145' title='bbox 1025 1615 1240 1670; x_wconf 90' lang='lat' dir='ltr'>Johannis</span> <span class='ocrx_word' id='word_1_146' title='bbox 1262 1616 1451 1656; x_wconf 89' lang='lat' dir='ltr'>Calabre</span> <span class='ocrx_word' id='word_1_147' title='bbox 1472 1615 1659 1669; x_wconf 86' lang='lat' dir='ltr'>predicti</span> <span class='ocrx_word' id='word_1_148' title='bbox 1687 1616 1743 1656; x_wconf 87' lang='lat' dir='ltr'>de</span> 
     </span>
     <span class='ocr_line' id='line_1_23' title="bbox 89 1684 1745 1739; baseline -0.003 -10"><span class='ocrx_word' id='word_1_149' title='bbox 89 1688 272 1729; x_wconf 90' lang='lat' dir='ltr'>ecclesia</span> <span class='ocrx_word' id='word_1_150' title='bbox 312 1696 564 1736; x_wconf 87' lang='lat' dir='ltr'>memorata,</span> <span class='ocrx_word' id='word_1_151' title='bbox 605 1696 649 1726; x_wconf 91' lang='lat' dir='ltr'>et</span> <span class='ocrx_word' id='word_1_152' title='bbox 690 1696 912 1726; x_wconf 89' lang='lat' dir='ltr'>reservata</span> <span class='ocrx_word' id='word_1_153' title='bbox 948 1684 1033 1739; x_wconf 90' lang='lat' dir='ltr'>ipsi</span> <span class='ocrx_word' id='word_1_154' title='bbox 1073 1684 1256 1725; x_wconf 92' lang='lat' dir='ltr'>domino</span> <span class='ocrx_word' id='word_1_155' title='bbox 1297 1684 1557 1725; x_wconf 90' lang='lat' dir='ltr'>induccione</span> <span class='ocrx_word' id='word_1_156' title='bbox 1605 1684 1745 1738; x_wconf 90' lang='lat' dir='ltr'>ipsius</span> 
     </span>
     <span class='ocr_line' id='line_1_24' title="bbox 90 1752 1746 1812; baseline -0.002 -14"><span class='ocrx_word' id='word_1_157' title='bbox 90 1757 257 1798; x_wconf 90' lang='lat' dir='ltr'>domini</span> <span class='ocrx_word' id='word_1_158' title='bbox 274 1756 311 1812; x_wconf 94' lang='lat' dir='ltr'>J.</span> <span class='ocrx_word' id='word_1_159' title='bbox 335 1757 390 1797; x_wconf 91' lang='lat' dir='ltr'>de</span> <span class='ocrx_word' id='word_1_160' title='bbox 413 1754 694 1809; x_wconf 81' lang='lat' dir='ltr'>Percebrigg&#39;</span> <span class='ocrx_word' id='word_1_161' title='bbox 716 1754 759 1794; x_wconf 90' lang='lat' dir='ltr'>in</span> <span class='ocrx_word' id='word_1_162' title='bbox 777 1753 1053 1807; x_wconf 86' lang='lat' dir='ltr'>corporalem</span> <span class='ocrx_word' id='word_1_163' title='bbox 1075 1753 1405 1807; x_wconf 91' lang='lat' dir='ltr'>possessionem</span> <span class='ocrx_word' id='word_1_164' title='bbox 1427 1753 1543 1793; x_wconf 90' lang='lat' dir='ltr'>dicte</span> <span class='ocrx_word' id='word_1_165' title='bbox 1564 1752 1746 1794; x_wconf 84' lang='lat' dir='ltr'>ecclesie</span> 
     </span>
     <span class='ocr_line' id='line_1_25' title="bbox 91 1821 1747 1875; baseline -0.002 -9"><span class='ocrx_word' id='word_1_166' title='bbox 91 1827 146 1866; x_wconf 94' lang='lat' dir='ltr'>de</span> <span class='ocrx_word' id='word_1_167' title='bbox 167 1825 434 1867; x_wconf 88' lang='lat' dir='ltr'>Woldeham</span> <span class='ocrx_word' id='word_1_168' title='bbox 455 1839 506 1865; x_wconf 95' lang='lat' dir='ltr'>ac</span> <span class='ocrx_word' id='word_1_169' title='bbox 523 1823 779 1865; x_wconf 87' lang='lat' dir='ltr'>obediencia</span> <span class='ocrx_word' id='word_1_170' title='bbox 796 1822 1006 1863; x_wconf 87' lang='lat' dir='ltr'>canonica</span> <span class='ocrx_word' id='word_1_171' title='bbox 1022 1821 1234 1875; x_wconf 88' lang='lat' dir='ltr'>ejusdem.</span> <span class='ocrx_word' id='word_1_172' title='bbox 1296 1821 1593 1875; x_wconf 85' lang='lat' dir='ltr'>Receptisque</span> <span class='ocrx_word' id='word_1_173' title='bbox 1610 1822 1747 1862; x_wconf 91' lang='lat' dir='ltr'>literis</span> 
     </span>
     <span class='ocr_line' id='line_1_26' title="bbox 91 1890 1745 1948; baseline -0.003 -13"><span class='ocrx_word' id='word_1_174' title='bbox 91 1893 420 1935; x_wconf 87' lang='lat' dir='ltr'>certificacionis</span> <span class='ocrx_word' id='word_1_175' title='bbox 441 1892 628 1948; x_wconf 89' lang='lat' dir='ltr'>predicti</span> <span class='ocrx_word' id='word_1_176' title='bbox 650 1891 850 1946; x_wconf 83' lang='lat' dir='ltr'>magistri</span> <span class='ocrx_word' id='word_1_177' title='bbox 873 1891 989 1940; x_wconf 77' lang='lat' dir='ltr'>Ade,</span> <span class='ocrx_word' id='word_1_178' title='bbox 1011 1891 1133 1945; x_wconf 89' lang='lat' dir='ltr'>quod</span> <span class='ocrx_word' id='word_1_179' title='bbox 1155 1890 1320 1931; x_wconf 90' lang='lat' dir='ltr'>dictum</span> <span class='ocrx_word' id='word_1_180' title='bbox 1342 1890 1745 1945; x_wconf 83' lang='lat' dir='ltr'>dominumJohan-</span> 
     </span>
     <span class='ocr_line' id='line_1_27' title="bbox 93 1958 1748 2017; baseline -0.002 -13"><span class='ocrx_word' id='word_1_181' title='bbox 93 1977 194 2004; x_wconf 90' lang='lat' dir='ltr'>nem</span> <span class='ocrx_word' id='word_1_182' title='bbox 215 1964 271 2003; x_wconf 91' lang='lat' dir='ltr'>de</span> <span class='ocrx_word' id='word_1_183' title='bbox 293 1962 575 2017; x_wconf 82' lang='lat' dir='ltr'>Percebrigg&#39;</span> <span class='ocrx_word' id='word_1_184' title='bbox 596 1962 651 2001; x_wconf 90' lang='lat' dir='ltr'>ad</span> <span class='ocrx_word' id='word_1_185' title='bbox 673 1960 917 2015; x_wconf 86' lang='lat' dir='ltr'>predictam</span> <span class='ocrx_word' id='word_1_186' title='bbox 939 1959 1167 2000; x_wconf 88' lang='lat' dir='ltr'>ecclesiam</span> <span class='ocrx_word' id='word_1_187' title='bbox 1183 1960 1237 1999; x_wconf 93' lang='lat' dir='ltr'>de</span> <span class='ocrx_word' id='word_1_188' title='bbox 1252 1958 1520 2000; x_wconf 76' lang='lat' dir='ltr'>Woldeham</span> <span class='ocrx_word' id='word_1_189' title='bbox 1537 1959 1748 2014; x_wconf 73' lang='lat' dir='ltr'>(admisit)</span> 
     </span>
     <span class='ocr_line' id='line_1_28' title="bbox 93 2028 1751 2082; baseline -0.003 -9"><span class='ocrx_word' id='word_1_190' title='bbox 93 2041 137 2072; x_wconf 91' lang='lat' dir='ltr'>et</span> <span class='ocrx_word' id='word_1_191' title='bbox 161 2042 377 2073; x_wconf 86' lang='lat' dir='ltr'>rectorem</span> <span class='ocrx_word' id='word_1_192' title='bbox 408 2030 596 2071; x_wconf 89' lang='lat' dir='ltr'>instituit</span> <span class='ocrx_word' id='word_1_193' title='bbox 626 2030 670 2070; x_wconf 94' lang='lat' dir='ltr'>in</span> <span class='ocrx_word' id='word_1_194' title='bbox 709 2029 862 2070; x_wconf 87' lang='lat' dir='ltr'>eadem</span> <span class='ocrx_word' id='word_1_195' title='bbox 899 2043 958 2069; x_wconf 83' lang='lat' dir='ltr'>ex</span> <span class='ocrx_word' id='word_1_196' title='bbox 991 2028 1252 2069; x_wconf 87' lang='lat' dir='ltr'>auctoritate</span> <span class='ocrx_word' id='word_1_197' title='bbox 1288 2039 1332 2069; x_wconf 94' lang='lat' dir='ltr'>et</span> <span class='ocrx_word' id='word_1_198' title='bbox 1366 2043 1498 2068; x_wconf 79' lang='lat' dir='ltr'>causa</span> <span class='ocrx_word' id='word_1_199' title='bbox 1529 2028 1751 2082; x_wconf 89' lang='lat' dir='ltr'>predictis,</span> 
     </span>
     <span class='ocr_line' id='line_1_29' title="bbox 94 2096 1750 2151; baseline -0.003 -10"><span class='ocrx_word' id='word_1_200' title='bbox 94 2101 211 2141; x_wconf 92' lang='lat' dir='ltr'>idem</span> <span class='ocrx_word' id='word_1_201' title='bbox 232 2100 438 2141; x_wconf 91' lang='lat' dir='ltr'>dominus</span> <span class='ocrx_word' id='word_1_202' title='bbox 460 2099 681 2140; x_wconf 86' lang='lat' dir='ltr'>mandavit</span> <span class='ocrx_word' id='word_1_203' title='bbox 703 2112 805 2139; x_wconf 91' lang='lat' dir='ltr'>eum</span> <span class='ocrx_word' id='word_1_204' title='bbox 827 2097 972 2138; x_wconf 91' lang='lat' dir='ltr'>induci</span> <span class='ocrx_word' id='word_1_205' title='bbox 996 2111 1077 2151; x_wconf 91' lang='lat' dir='ltr'>per</span> <span class='ocrx_word' id='word_1_206' title='bbox 1104 2096 1467 2138; x_wconf 88' lang='lat' dir='ltr'>archidiaconum</span> <span class='ocrx_word' id='word_1_207' title='bbox 1495 2097 1750 2137; x_wconf 88' lang='lat' dir='ltr'>Roffensem</span> 
     </span>
     <span class='ocr_line' id='line_1_30' title="bbox 94 2165 1751 2223; baseline -0.002 -14"><span class='ocrx_word' id='word_1_208' title='bbox 94 2169 138 2209; x_wconf 92' lang='lat' dir='ltr'>in</span> <span class='ocrx_word' id='word_1_209' title='bbox 159 2168 438 2223; x_wconf 90' lang='lat' dir='ltr'>corporalem</span> <span class='ocrx_word' id='word_1_210' title='bbox 460 2167 783 2222; x_wconf 89' lang='lat' dir='ltr'>possessionem</span> <span class='ocrx_word' id='word_1_211' title='bbox 805 2166 920 2207; x_wconf 90' lang='lat' dir='ltr'>dicte</span> <span class='ocrx_word' id='word_1_212' title='bbox 940 2166 1120 2207; x_wconf 91' lang='lat' dir='ltr'>ecclesie</span> <span class='ocrx_word' id='word_1_213' title='bbox 1141 2166 1197 2206; x_wconf 90' lang='lat' dir='ltr'>de</span> <span class='ocrx_word' id='word_1_214' title='bbox 1219 2165 1498 2206; x_wconf 87' lang='lat' dir='ltr'>Woldeham.</span> <span class='ocrx_word' id='word_1_215' title='bbox 1561 2165 1620 2206; x_wconf 86' lang='lat' dir='ltr'>Et</span> <span class='ocrx_word' id='word_1_216' title='bbox 1629 2166 1751 2219; x_wconf 86' lang='lat' dir='ltr'>jura-</span> 
     </span>
     <span class='ocr_line' id='line_1_31' title="bbox 95 2233 1748 2292; baseline -0.003 -13"><span class='ocrx_word' id='word_1_217' title='bbox 95 2238 157 2280; x_wconf 85' lang='lat' dir='ltr'>vit</span> <span class='ocrx_word' id='word_1_218' title='bbox 189 2238 306 2278; x_wconf 92' lang='lat' dir='ltr'>idem</span> <span class='ocrx_word' id='word_1_219' title='bbox 338 2237 544 2279; x_wconf 90' lang='lat' dir='ltr'>dominus</span> <span class='ocrx_word' id='word_1_220' title='bbox 578 2236 804 2292; x_wconf 88' lang='lat' dir='ltr'>Johannes</span> <span class='ocrx_word' id='word_1_221' title='bbox 845 2235 901 2275; x_wconf 93' lang='lat' dir='ltr'>de</span> <span class='ocrx_word' id='word_1_222' title='bbox 941 2233 1226 2289; x_wconf 83' lang='lat' dir='ltr'>Percebrigg&#39;</span> <span class='ocrx_word' id='word_1_223' title='bbox 1269 2234 1525 2275; x_wconf 89' lang='lat' dir='ltr'>canonicam</span> <span class='ocrx_word' id='word_1_224' title='bbox 1567 2234 1748 2275; x_wconf 91' lang='lat' dir='ltr'>domino</span> 
     </span>
     <span class='ocr_line' id='line_1_32' title="bbox 96 2306 872 2349; baseline -0.008 0"><span class='ocrx_word' id='word_1_225' title='bbox 96 2306 399 2349; x_wconf 89' lang='lat' dir='ltr'>obedienciam</span> <span class='ocrx_word' id='word_1_226' title='bbox 420 2306 465 2346; x_wconf 92' lang='lat' dir='ltr'>in</span> <span class='ocrx_word' id='word_1_227' title='bbox 489 2307 627 2347; x_wconf 85' lang='lat' dir='ltr'>forma</span> <span class='ocrx_word' id='word_1_228' title='bbox 649 2315 872 2345; x_wconf 86' lang='lat' dir='ltr'>consueta.</span> 
     </span>
    </p>
   </div>
   <div class='ocr_carea' id='block_1_9' title="bbox 800 2406 1037 2412">
    <p class='ocr_par' dir='ltr' id='par_1_10' title="bbox 800 2406 1037 2412">
     <span class='ocr_line' id='line_1_33' title="bbox 800 2406 1037 2412; baseline 0 0"><span class='ocrx_word' id='word_1_229' title='bbox 800 2406 1037 2412; x_wconf 95' lang='lat' dir='ltr'> </span> 
     </span>
    </p>
   </div>
   <div class='ocr_carea' id='block_1_10' title="bbox 100 2461 1756 2806">
    <p class='ocr_par' dir='ltr' id='par_1_11' title="bbox 100 2461 1056 2563">
     <span class='ocr_line' id='line_1_34' title="bbox 797 2461 1056 2503; baseline -0.008 0"><span class='ocrx_word' id='word_1_230' title='bbox 797 2461 1056 2503; x_wconf 73' lang='lat' dir='ltr'>Clementis.</span> 
     </span>
     <span class='ocr_line' id='line_1_35' title="bbox 100 2533 256 2563; baseline 0.006 -1"><span class='ocrx_word' id='word_1_231' title='bbox 100 2533 183 2563; x_wconf 85' lang='lat' dir='ltr'>Mar.</span> <span class='ocrx_word' id='word_1_232' title='bbox 204 2542 256 2563; x_wconf 85' lang='lat'>20.</span> 
     </span>
    </p>

    <p class='ocr_par' dir='ltr' id='par_1_12' title="bbox 100 2583 1756 2806">
     <span class='ocr_line' id='line_1_36' title="bbox 196 2583 1753 2629; baseline -0.002 -9"><span class='ocrx_word' id='word_1_233' title='bbox 196 2587 376 2620; x_wconf 89' lang='lat' dir='ltr'>Collation</span> <span class='ocrx_word' id='word_1_234' title='bbox 404 2585 444 2619; x_wconf 83' lang='lat' dir='ltr'>of</span> <span class='ocrx_word' id='word_1_235' title='bbox 469 2586 530 2620; x_wconf 85' lang='lat' dir='ltr'>Sir</span> <span class='ocrx_word' id='word_1_236' title='bbox 556 2585 720 2629; x_wconf 87' lang='lat' dir='ltr'>(domino)</span> <span class='ocrx_word' id='word_1_237' title='bbox 748 2585 849 2629; x_wconf 88' lang='lat' dir='ltr'>John</span> <span class='ocrx_word' id='word_1_238' title='bbox 882 2584 1117 2629; x_wconf 84' lang='lat' dir='ltr'>Nyeweman,</span> <span class='ocrx_word' id='word_1_239' title='bbox 1145 2584 1268 2628; x_wconf 85' lang='lat' dir='ltr'>priest‚</span> <span class='ocrx_word' id='word_1_240' title='bbox 1297 2583 1340 2616; x_wconf 86' lang='lat' dir='ltr'>of</span> <span class='ocrx_word' id='word_1_241' title='bbox 1363 2583 1637 2627; x_wconf 80' lang='lat' dir='ltr'>Hastyngleghe</span> <span class='ocrx_word' id='word_1_242' title='bbox 1667 2583 1753 2627; x_wconf 89' lang='lat' dir='ltr'>(dio.</span> 
     </span>
     <span class='ocr_line' id='line_1_37' title="bbox 101 2640 1753 2689; baseline -0.002 -10"><span class='ocrx_word' id='word_1_243' title='bbox 101 2645 236 2689; x_wconf 86' lang='lat' dir='ltr'>Cant.)‚</span> <span class='ocrx_word' id='word_1_244' title='bbox 249 2649 288 2678; x_wconf 86' lang='lat' dir='ltr'>to</span> <span class='ocrx_word' id='word_1_245' title='bbox 308 2645 361 2679; x_wconf 88' lang='lat' dir='ltr'>St.</span> <span class='ocrx_word' id='word_1_246' title='bbox 380 2644 579 2678; x_wconf 85' lang='lat' dir='ltr'>Clement’s</span> <span class='ocrx_word' id='word_1_247' title='bbox 600 2644 803 2677; x_wconf 89' lang='lat' dir='ltr'>Rochester</span> <span class='ocrx_word' id='word_1_248' title='bbox 826 2643 882 2686; x_wconf 84' lang='lat' dir='ltr'>R.,</span> <span class='ocrx_word' id='word_1_249' title='bbox 896 2643 979 2676; x_wconf 92' lang='lat' dir='ltr'>void</span> <span class='ocrx_word' id='word_1_250' title='bbox 998 2643 1045 2686; x_wconf 91' lang='lat' dir='ltr'>by</span> <span class='ocrx_word' id='word_1_251' title='bbox 1058 2643 1167 2676; x_wconf 84' lang='lat' dir='ltr'>death</span> <span class='ocrx_word' id='word_1_252' title='bbox 1186 2641 1228 2676; x_wconf 88' lang='lat' dir='ltr'>of</span> <span class='ocrx_word' id='word_1_253' title='bbox 1245 2642 1386 2675; x_wconf 83' lang='lat' dir='ltr'>Robert</span> <span class='ocrx_word' id='word_1_254' title='bbox 1405 2640 1467 2684; x_wconf 83' lang='lat' dir='ltr'>(de</span> <span class='ocrx_word' id='word_1_255' title='bbox 1489 2640 1753 2686; x_wconf 60' lang='lat' dir='ltr'>Honingham)</span> 
     </span>
     <span class='ocr_line' id='line_1_38' title="bbox 102 2698 1756 2744; baseline -0.003 -8"><span class='ocrx_word' id='word_1_256' title='bbox 102 2704 279 2737; x_wconf 81' lang='lat' dir='ltr'>Mandate</span> <span class='ocrx_word' id='word_1_257' title='bbox 304 2702 345 2736; x_wconf 88' lang='lat' dir='ltr'>of</span> <span class='ocrx_word' id='word_1_258' title='bbox 368 2703 558 2735; x_wconf 87' lang='lat' dir='ltr'>induction</span> <span class='ocrx_word' id='word_1_259' title='bbox 582 2706 622 2735; x_wconf 89' lang='lat' dir='ltr'>to</span> <span class='ocrx_word' id='word_1_260' title='bbox 644 2702 704 2735; x_wconf 76' lang='grc' dir='ltr'>ΒΓ.</span> <span class='ocrx_word' id='word_1_261' title='bbox 729 2702 850 2744; x_wconf 86' lang='lat' dir='ltr'>Roger</span> <span class='ocrx_word' id='word_1_262' title='bbox 868 2701 913 2734; x_wconf 89' lang='lat' dir='ltr'>de</span> <span class='ocrx_word' id='word_1_263' title='bbox 932 2702 1070 2743; x_wconf 85' lang='lat' dir='ltr'>Stowe‚</span> <span class='ocrx_word' id='word_1_264' title='bbox 1089 2704 1226 2734; x_wconf 86' lang='lat' dir='ltr'>master</span> <span class='ocrx_word' id='word_1_265' title='bbox 1245 2699 1468 2744; x_wconf 79' lang='lat' dir='ltr'>(iconomum)</span> <span class='ocrx_word' id='word_1_266' title='bbox 1488 2698 1529 2732; x_wconf 90' lang='lat' dir='ltr'>of</span> <span class='ocrx_word' id='word_1_267' title='bbox 1546 2700 1598 2734; x_wconf 77' lang='lat' dir='ltr'>St.</span> <span class='ocrx_word' id='word_1_268' title='bbox 1618 2698 1756 2743; x_wconf 84' lang='lat' dir='ltr'>Mary’s</span> 
     </span>
     <span class='ocr_line' id='line_1_39' title="bbox 100 2756 1708 2806; baseline -0.002 -12"><span class='ocrx_word' id='word_1_269' title='bbox 100 2761 265 2806; x_wconf 86' lang='lat' dir='ltr'>hospital,</span> <span class='ocrx_word' id='word_1_270' title='bbox 285 2760 429 2794; x_wconf 84' lang='lat' dir='ltr'>Strode.</span> <span class='ocrx_word' id='word_1_271' title='bbox 481 2760 578 2793; x_wconf 85' lang='lat' dir='ltr'>Oath</span> <span class='ocrx_word' id='word_1_272' title='bbox 597 2759 639 2793; x_wconf 90' lang='lat' dir='ltr'>of</span> <span class='ocrx_word' id='word_1_273' title='bbox 652 2760 867 2794; x_wconf 88' lang='lat' dir='ltr'>obedience.</span> <span class='ocrx_word' id='word_1_274' title='bbox 918 2759 1067 2801; x_wconf 83' lang='lat' dir='ltr'>Halling</span> <span class='ocrx_word' id='word_1_275' title='bbox 1084 2758 1223 2802; x_wconf 85' lang='lat' dir='ltr'>chapel.</span> <span class='ocrx_word' id='word_1_276' title='bbox 1274 2757 1349 2800; x_wconf 83' lang='lat' dir='ltr'>xiij.</span> <span class='ocrx_word' id='word_1_277' title='bbox 1372 2756 1451 2790; x_wconf 71' lang='lat' dir='ltr'>Kal.</span> <span class='ocrx_word' id='word_1_278' title='bbox 1471 2757 1584 2801; x_wconf 84' lang='lat' dir='ltr'>April,</span> <span class='ocrx_word' id='word_1_279' title='bbox 1607 2768 1708 2799; x_wconf 82' lang='lat'>1340.</span> 
     </span>
    </p>
   </div>
   <div class='ocr_carea' id='block_1_11' title="bbox 803 2857 1038 2862">
    <p class='ocr_par' dir='ltr' id='par_1_13' title="bbox 803 2857 1038 2862">
     <span class='ocr_line' id='line_1_40' title="bbox 803 2857 1038 2862; baseline 0 0"><span class='ocrx_word' id='word_1_280' title='bbox 803 2857 1038 2862; x_wconf 95' lang='lat' dir='ltr'> </span> 
     </span>
    </p>
   </div>
   <div class='ocr_carea' id='block_1_12' title="bbox 102 2910 1757 3194">
    <p class='ocr_par' dir='ltr' id='par_1_14' title="bbox 102 2910 1757 3194">
     <span class='ocr_line' id='line_1_41' title="bbox 778 2910 1089 2952; baseline -0.003 0"><span class='ocrx_word' id='word_1_281' title='bbox 778 2910 1089 2952; x_wconf 67' lang='lat' dir='ltr'>Gravesende.</span> 
     </span>
     <span class='ocr_line' id='line_1_42' title="bbox 102 2980 257 3020; baseline 0.006 -10"><span class='ocrx_word' id='word_1_282' title='bbox 102 2980 185 3020; x_wconf 90' lang='lat' dir='ltr'>Apr.</span> <span class='ocrx_word' id='word_1_283' title='bbox 206 2990 257 3020; x_wconf 90' lang='lat'>19.</span> 
     </span>
     <span class='ocr_line' id='line_1_43' title="bbox 202 3031 1757 3078; baseline -0.003 -10"><span class='ocrx_word' id='word_1_284' title='bbox 202 3035 415 3068; x_wconf 82' lang='lat' dir='ltr'>institution</span> <span class='ocrx_word' id='word_1_285' title='bbox 434 3033 477 3067; x_wconf 91' lang='lat' dir='ltr'>of</span> <span class='ocrx_word' id='word_1_286' title='bbox 493 3033 553 3067; x_wconf 81' lang='lat' dir='ltr'>Sir</span> <span class='ocrx_word' id='word_1_287' title='bbox 570 3033 667 3078; x_wconf 87' lang='lat' dir='ltr'>John</span> <span class='ocrx_word' id='word_1_288' title='bbox 687 3034 842 3077; x_wconf 59' lang='lat' dir='ltr'>XVaryn,</span> <span class='ocrx_word' id='word_1_289' title='bbox 861 3034 985 3077; x_wconf 86' lang='lat' dir='ltr'>priest,</span> <span class='ocrx_word' id='word_1_290' title='bbox 1002 3038 1043 3067; x_wconf 83' lang='lat' dir='ltr'>to</span> <span class='ocrx_word' id='word_1_291' title='bbox 1063 3032 1273 3066; x_wconf 87' lang='lat' dir='ltr'>Gravesend</span> <span class='ocrx_word' id='word_1_292' title='bbox 1293 3032 1350 3074; x_wconf 67' lang='lat' dir='ltr'>R„</span> <span class='ocrx_word' id='word_1_293' title='bbox 1370 3031 1452 3065; x_wconf 87' lang='lat' dir='ltr'>void</span> <span class='ocrx_word' id='word_1_294' title='bbox 1471 3031 1518 3075; x_wconf 93' lang='lat' dir='ltr'>by</span> <span class='ocrx_word' id='word_1_295' title='bbox 1537 3031 1757 3073; x_wconf 83' lang='lat' dir='ltr'>resignation</span> 
     </span>
     <span class='ocr_line' id='line_1_44' title="bbox 104 3089 1755 3137; baseline -0.002 -11"><span class='ocrx_word' id='word_1_296' title='bbox 104 3092 145 3126; x_wconf 91' lang='lat' dir='ltr'>of</span> <span class='ocrx_word' id='word_1_297' title='bbox 161 3093 219 3126; x_wconf 85' lang='lat' dir='ltr'>Sir</span> <span class='ocrx_word' id='word_1_298' title='bbox 236 3094 358 3137; x_wconf 88' lang='lat' dir='ltr'>James</span> <span class='ocrx_word' id='word_1_299' title='bbox 377 3093 422 3126; x_wconf 91' lang='lat' dir='ltr'>de</span> <span class='ocrx_word' id='word_1_300' title='bbox 444 3092 688 3126; x_wconf 88' lang='lat' dir='ltr'>Derneforde.</span> <span class='ocrx_word' id='word_1_301' title='bbox 739 3092 877 3125; x_wconf 82' lang='lat' dir='ltr'>Patron</span> <span class='ocrx_word' id='word_1_302' title='bbox 902 3091 1041 3124; x_wconf 85' lang='lat' dir='ltr'>Robert</span> <span class='ocrx_word' id='word_1_303' title='bbox 1060 3091 1106 3124; x_wconf 91' lang='lat' dir='ltr'>de</span> <span class='ocrx_word' id='word_1_304' title='bbox 1127 3091 1271 3133; x_wconf 81' lang='lat' dir='ltr'>Ufford,</span> <span class='ocrx_word' id='word_1_305' title='bbox 1290 3090 1363 3123; x_wconf 86' lang='lat' dir='ltr'>earl</span> <span class='ocrx_word' id='word_1_306' title='bbox 1390 3089 1432 3123; x_wconf 90' lang='lat' dir='ltr'>of</span> <span class='ocrx_word' id='word_1_307' title='bbox 1456 3089 1607 3123; x_wconf 82' lang='lat' dir='ltr'>Suffolk.</span> <span class='ocrx_word' id='word_1_308' title='bbox 1659 3089 1755 3122; x_wconf 86' lang='lat' dir='ltr'>Oath</span> 
     </span>
     <span class='ocr_line' id='line_1_45' title="bbox 105 3149 1302 3194; baseline -0.001 -10"><span class='ocrx_word' id='word_1_309' title='bbox 105 3150 147 3184; x_wconf 92' lang='lat' dir='ltr'>of</span> <span class='ocrx_word' id='word_1_310' title='bbox 161 3151 371 3185; x_wconf 88' lang='lat' dir='ltr'>obedience.</span> <span class='ocrx_word' id='word_1_311' title='bbox 424 3150 670 3184; x_wconf 86' lang='lat' dir='ltr'>Trottiscliffe</span> <span class='ocrx_word' id='word_1_312' title='bbox 688 3150 827 3194; x_wconf 84' lang='lat' dir='ltr'>chapel.</span> <span class='ocrx_word' id='word_1_313' title='bbox 876 3150 953 3193; x_wconf 87' lang='lat' dir='ltr'>xiij.</span> <span class='ocrx_word' id='word_1_314' title='bbox 974 3149 1056 3183; x_wconf 86' lang='lat' dir='ltr'>Kal.</span> <span class='ocrx_word' id='word_1_315' title='bbox 1077 3150 1176 3193; x_wconf 82' lang='lat' dir='ltr'>May,</span> <span class='ocrx_word' id='word_1_316' title='bbox 1199 3160 1302 3191; x_wconf 80' lang='lat'>134¹·</span> 
     </span>
    </p>
   </div>
  </div>
 </body>
</html>
