1925 3451
78 202 175 232 A.D.
199 200 215 230 1
230 200 288 243 34
298 183 343 247 2]
650 184 881 246 Episcopi
914 183 1152 245 Rcffiusz’s
1650 190 1730 238 693

194 316 398 367 Edward,
420 316 560 357 eisnez
583 316 650 356 filz
671 330 726 356 au
749 316 879 357 noble
899 316 965 356 roi
984 315 1276 370 Dengleterre
1290 326 1334 357 et
1350 316 1405 357 de
1424 317 1604 367 Franee,
1620 317 1729 358 dues

77 386 132 426 de
160 384 436 435 Cornwaille‚
459 395 620 425 counte
648 386 704 426 de
732 385 897 435 Cestre,
920 395 963 425 et
987 385 1173 440 gardein
1197 385 1501 439 Dengleterre,
1523 385 1565 426 al
1587 385 1727 426 honu-

77 453 198 495 rable
224 453 347 507 piere
376 468 431 493 en
459 453 563 494 dieu
590 453 675 494 sire
711 454 902 504 Hamon‚
936 468 1016 508 par
1045 453 1087 494 la
1114 468 1246 508 grace
1271 454 1327 494 de
1355 453 1458 494 dieu
1487 468 1645 507 evesqe
1674 454 1729 494 (16

76 523 332 572 Roucestre,
354 521 470 562 saluz
503 533 546 563 et
578 523 730 563 cheres
761 522 976 563 amisteeZ.
1039 523 1163 564 Nous
1193 536 1346 563 avoms
1379 522 1480 563 bien
1512 523 1728 563 entenduz

76 590 147 632 del
178 590 277 631 aide
304 605 330 631 a
356 602 505 631 nostre
537 591 810 631 tresredoute
837 591 1019 645 seignur
1044 602 1087 631 et
1116 591 1239 644 piere
1264 590 1304 630 le
1339 591 1405 631 roi
1434 601 1617 645 grantee
1648 605 1730 644 par

75 669 222 700 assent
244 659 298 699 de
319 672 430 700 vous
452 670 497 700 et
519 670 664 700 autres
686 660 741 700 de
767 659 807 699 13
836 658 999 714 clergie
1020 674 1045 699 a
1067 670 1184 700 ceste
1212 659 1415 699 darreine
1442 659 1684 700 assemblee
1705 674 1731 700 a

76 728 290 777 Londres‚
313 737 357 768 et
378 742 489 769 vous
509 738 583 769 ent
604 728 822 769 mercions
843 737 918 768 ent
940 737 1032 768 tant
1053 743 1179 769 come
1202 742 1255 768 en
1279 727 1381 783 plus
1402 741 1571 782 pooms.
1634 729 1731 769 Mes

76 811 212 850 purce
234 811 290 850 qe
311 796 374 836 les
394 806 554 837 termes
576 797 635 836 du
658 796 878 849 paiement
900 796 956 837 de
985 797 1164 837 meisme
1185 796 1250 837 cel
1272 797 1371 839 aide
1391 808 1524 839 sount
1545 798 1580 839 si
1601 797 1731 853 longs

77 880 132 919 qe
154 874 302 906 nostre
332 865 397 905 dit
424 865 607 919 seignur
633 876 676 905 et
710 864 834 919 piere
867 865 907 906 le
935 865 1002 906 roi
1028 875 1072 905 et
1097 876 1244 906 autres
1269 877 1422 920 grantz
1443 866 1653 907 auxibien
1676 867 1732 907 de

304 947 384 975 son
413 933 559 988 linage
589 948 715 975 come
743 945 891 974 autres
918 944 1108 975 esteantz
1137 948 1192 974 en
1217 948 1265 974 sa
1292 935 1590 989 compaignie‚
1612 935 1657 989 qi
1683 950 1730 976 56

78 1011 152 1052 [Fo.
165 1021 230 1041 200
241 1010 287 1051 b.]
309 1013 419 1043 ount
436 1017 533 1057 mys
546 1017 599 1043 en
613 1013 822 1044 aventure
841 1014 883 1044 et
897 1018 950 1044 en
966 1002 1007 1043 la
1020 1017 1152 1058 grace
1179 1004 1184 1056 1
1213 1003 1268 1044 de
1282 1003 1383 1044 dieu
1396 1018 1482 1057 pur
1498 1003 1538 1044 la
1551 1005 1731 1045 defense

307 1081 349 1111 et
363 1082 542 1112 sauvete
561 1072 615 1111 de
633 1070 814 1112 roialme
833 1071 1122 1126 Dengleterre
1139 1072 1367 1125 purreient
1385 1072 1506 1113 cheir
1519 1087 1574 1113 en
1592 1073 1731 1113 daun-

77 1154 171 1195 ger,
188 1155 273 1194 que
295 1140 398 1180 dieu
419 1141 621 1191 defende,
639 1140 800 1181 devant
817 1140 901 1195 (1115
915 1142 1108 1181 feussent
1125 1155 1208 1194 par
1224 1140 1265 1181 le
1286 1141 1350 1181 dit
1371 1141 1471 1183 aide
1493 1142 1730 1191 conforteZ,

79 1223 189 1250 nous
210 1209 413 1250 meismes
441 1224 495 1250 en
517 1223 685 1263 propre
707 1223 897 1262 persone
919 1223 1059 1251 avons
1085 1224 1160 1250 sur
1186 1224 1232 1250 se
1263 1209 1387 1263 parle
1414 1210 1457 1251 al
1484 1210 1730 1251 honurable

77 1278 197 1332 piere
214 1293 268 1318 en
285 1279 387 1318 dieu
410 1278 662 1332 lercevesqe
683 1279 738 1318 de
760 1278 1025 1319 Canterbers
1046 1289 1089 1319 et
1110 1293 1136 1319 a
1157 1279 1267 1319 noef
1281 1294 1464 1333 evesqes
1480 1280 1536 1320 de
1556 1294 1604 1320 sa
1624 1293 1729 1333 pro-

77 1347 201 1388 vince
231 1347 275 1400 qi
305 1348 451 1387 furent
480 1358 598 1388 toutz
625 1361 679 1387 en
710 1346 874 1388 conseil
899 1361 925 1388 a
950 1348 1273 1388 Westmouster
1299 1362 1358 1389 ou
1388 1362 1500 1390 nous
1528 1348 1731 1389 meismes

77 1416 236 1456 estienz
262 1427 464 1469 presentz
487 1415 527 1456 le
552 1415 658 1470 jour
683 1417 737 1456 de
766 1416 807 1456 la
838 1417 1010 1456 fesance
1035 1416 1090 1457 de
1118 1425 1269 1466 cestes,
1298 1431 1352 1457 en
1384 1417 1530 1471 priant
1557 1432 1613 1471 qe
1641 1432 1732 1458 eux

78 1484 258 1525 meisme
274 1499 356 1538 par
372 1484 434 1525 les
457 1499 608 1526 resons
630 1485 875 1525 desusdites
896 1485 1142 1526 vousissent
1158 1485 1342 1526 assentis
1357 1497 1402 1526 et
1418 1486 1524 1526 faire
1542 1496 1635 1526 tant
1655 1487 1731 1526 de-

77 1568 176 1594 vers
196 1553 237 1593 la
259 1554 420 1608 clergie
447 1554 501 1594 de
524 1554 593 1594 lur
614 1553 800 1594 diocises
826 1553 911 1607 (1115
932 1554 1213 1594 assentissent
1235 1569 1292 1608 qe
1313 1553 1413 1608 plus
1433 1555 1551 1596 brefs
1572 1566 1732 1596 termes

76 1623 136 1662 du
158 1622 380 1676 paiement
399 1624 563 1663 fussent
580 1623 777 1663 acordez.
820 1623 877 1662 Et
894 1622 956 1663 les
973 1623 1185 1676 priasmes
1202 1638 1257 1676 qe
1275 1623 1314 1663 le
1331 1623 1498 1677 primer
1516 1634 1653 1664 terme
1671 1624 1732 1664 du

75 1691 297 1745 paiement
314 1691 485 1745 purreit
506 1703 620 1732 estre
642 1691 722 1732 ala
742 1691 851 1732 feste
873 1692 927 1731 de
948 1691 1057 1732 Noel
1075 1692 1306 1745 preschein
1327 1707 1353 1733 3
1378 1692 1503 1733 venir
1523 1703 1567 1733 et
1589 1693 1731 1733 lautre

77 1770 214 1800 terme
236 1774 261 1800 3
283 1760 543 1801 Pentecoste
565 1760 796 1813 preschein
817 1771 1016 1802 ensuant.
1080 1761 1125 1800 A
1142 1761 1182 1800 le
1200 1761 1298 1814 qele
1318 1772 1467 1802 nostre
1484 1761 1655 1815 preiere
1678 1762 1730 1802 ils

79 1842 190 1869 nous
211 1829 530 1882 responderent
547 1844 604 1882 qe
620 1829 827 1882 pleusurs
843 1829 1008 1882 prelatz
1026 1839 1067 1870 et
1081 1839 1228 1870 autres
1242 1829 1351 1870 dela
1365 1830 1530 1884 clergie
1543 1830 1731 1871 estoient

76 1897 241 1950 partiez
262 1912 345 1951 par
366 1898 467 1951 quei
491 1896 542 1939 ils
565 1912 619 1938 ne
640 1897 793 1951 poient
820 1898 960 1938 doner
980 1912 1223 1952 respounse
1245 1913 1298 1939 en
1322 1899 1498 1940 certein.
1563 1900 1658 1940 Mes
1679 1899 1732 1940 ils

77 1980 188 2007 nous
211 1966 398 2007 disoient
420 1977 612 2008 trestouz
640 1967 731 2007 dun
761 1967 895 2007 acord
924 1982 980 2020 qe
1008 1982 1112 2017 eux,
1134 1977 1227 2008 tant
1249 1982 1374 2008 come
1395 1982 1449 2008 en
1472 1983 1562 2009 eux
1583 1979 1663 2017 est,
1686 1984 1732 2010 se

76 2036 335 2076 acorderent
357 2051 403 2077 as
432 2036 520 2076 ditz
545 2046 720 2085 termes,
741 2046 785 2076 et
815 2050 870 2089 qe
896 2035 1084 2076 chescun
1113 2036 1168 2076 de
1197 2051 1287 2076 eux
1318 2036 1467 2077 ferroit
1495 2036 1733 2077 assembler

77 2104 120 2145 la
141 2105 304 2159 clergie
326 2106 381 2145 de
396 2119 444 2145 sa
460 2104 623 2145 diocise
640 2114 682 2145 et
701 2104 910 2145 serroient
924 2119 949 2145 a
963 2104 1062 2144 lour
1078 2105 1236 2158 pouair
1253 2104 1336 2158 (1115
1352 2120 1398 2145 56
1415 2105 1730 2155 acordereient‚

78 2173 252 2226 parensi
275 2188 330 2227 qe
352 2188 463 2215 vous
484 2184 527 2213 et
548 2183 694 2213 autres
710 2173 911 2214 absentez
927 2173 1120 2214 vorreiez
1137 2174 1334 2215 assentit.
1388 2173 1477 2214 Sur
1498 2174 1600 2227 quei
1623 2188 1732 2215 vous

79 2241 231 2295 prions
253 2253 296 2283 et
318 2256 561 2296 requerons
585 2242 621 2282 si
650 2243 901 2283 cherement
930 2256 1056 2283 come
1088 2242 1189 2296 plus
1217 2256 1361 2296 poons
1389 2243 1444 2283 de
1466 2254 1563 2284 tout
1586 2253 1733 2284 nostre

79 2325 196 2361 cuer,
218 2322 261 2351 et
283 2311 447 2352 sicome
471 2325 581 2352 nous
610 2325 770 2352 savons
799 2311 897 2351 bien
931 2326 986 2365 qe
1015 2325 1125 2353 vous
1153 2326 1273 2352 amez
1301 2322 1447 2353 nostre
1467 2312 1530 2352 dit
1551 2311 1733 2366 seignur

78 2389 122 2420 et
153 2379 275 2433 piere
304 2380 345 2421 le
376 2380 441 2421 roi
475 2391 518 2420 et
550 2394 630 2421 son
663 2380 819 2429 honur‚
849 2395 905 2433 qe
933 2394 1055 2431 vous,
1085 2391 1208 2421 eantz
1240 2381 1402 2435 regard
1432 2395 1457 2420 a
1488 2380 1551 2420 les
1579 2381 1733 2422 choses

79 2449 326 2490 desusdites
348 2464 400 2490 en
423 2449 541 2490 droit
563 2449 618 2488 de
640 2463 751 2490 vous
774 2450 977 2490 meismes
998 2463 1046 2489 as
1067 2450 1153 2490 ditz
1175 2459 1337 2491 termes
1358 2449 1512 2491 voillez
1534 2450 1731 2500 assentir‚

79 2527 123 2558 et
144 2528 267 2559 taunt
288 2518 396 2559 faire
423 2532 523 2559 vers
550 2518 592 2558 la
619 2518 783 2573 clergie
814 2519 868 2558 de
897 2528 1043 2560 vostre
1072 2518 1235 2559 diocise
1264 2534 1320 2572 qe
1346 2533 1371 2559 a
1397 2533 1445 2559 ce
1475 2533 1521 2559 se
1549 2518 1731 2560 voillent

80 2587 275 2628 acorder.
339 2587 396 2627 Et
418 2601 467 2627 ce
489 2602 544 2640 qe
566 2600 676 2628 vous
697 2597 771 2627 ent
792 2601 944 2628 averez
961 2587 1036 2628 fait
1054 2601 1166 2629 nous
1183 2587 1335 2629 voillez
1356 2602 1382 2628 3
1404 2597 1526 2628 toute
1548 2587 1588 2627 la
1611 2587 1731 2628 haste

79 2668 135 2707 qe
156 2668 268 2696 vous
288 2669 447 2709 purrez
470 2669 552 2708 par
573 2669 653 2696 vos
675 2655 823 2696 lettres
839 2655 1058 2710 signefier.
1110 2656 1269 2696 Nostre
1285 2656 1468 2709 seignur
1489 2656 1572 2696 soit
1593 2657 1732 2710 garde

79 2724 134 2763 de
156 2737 277 2765 vous,
342 2724 469 2764 Done
491 2738 595 2764 souz
620 2734 766 2764 nostre
788 2724 912 2777 prive
934 2724 1025 2765 seal
1046 2739 1071 2764 a
1093 2736 1242 2765 nostre
1261 2724 1430 2765 manoir
1452 2725 1505 2765 de
1529 2725 1728 2779 Kening-

82 2793 170 2832 ton'
191 2792 231 2833 le
254 2792 362 2846 xxij.
381 2791 485 2846 jour
507 2793 745 2834 Doctobre.

81 2924 156 2965 [Fo.
178 2936 242 2955 200
256 2925 301 2967 b.]

462 2981 714 3032 Responsio
735 2982 801 3020 ad
817 2982 981 3022 literas
1001 2982 1130 3023 ducis
1140 2982 1356 3033 preclsclz'.

83 3048 166 3079 Nov.
182 3049 233 3078 28.

178 3102 277 3147 [The
296 3104 423 3147 bishop
442 3105 571 3148 replies
589 3104 667 3137 that
686 3104 731 3137 he
750 3105 777 3137 is
796 3104 926 3146 willing
945 3109 984 3137 to
1004 3105 1198 3148 anticipate
1217 3105 1278 3138 the
1302 3109 1414 3138 terms
1440 3104 1481 3137 of
1502 3109 1673 3149 payrnent
1692 3116 1731 3137 so

84 3160 137 3194 far
155 3172 192 3194 as
211 3162 263 3195 his
281 3173 362 3195 own
378 3168 550 3206 property
565 3163 592 3195 is
606 3163 824 3204 concerned,
844 3163 909 3196 but
928 3163 1005 3196 that
1023 3163 1084 3196 the
1102 3163 1224 3206 clergy
1239 3163 1279 3195 of
1294 3163 1356 3196 the
1375 3163 1531 3205 diocese,
1550 3164 1668 3196 whom
1685 3163 1730 3196 he
