1925 3451
164 174 244 211 666
701 172 989 234 Regz‘slrum
1026 172 1274 220 Hamom‘s
1542 173 1657 238 [A.D.
1693 191 1817 234 1340

162 362 239 405 [Fo.
262 362 350 403 ¹94]
690 408 954 461 Eylesford'
974 413 1018 447 et
1036 408 1096 448 M
1095 409 1297 449 erdenn'.

167 476 243 507 Oct.
261 486 279 504 2
307 499 314 506 .

265 485 487 575 [gxchangeg
513 531 561 574 by
588 531 704 564 virtue
730 530 772 564 of
794 542 813 564 a
838 531 1072 564 commission
1098 530 1139 564 of
1163 531 1228 565 the
1253 532 1482 577 archbishop,
1509 534 1617 567 dated
1648 536 1731 570 Oct.
1766 547 1819 578 19,

165 589 335 623 between
354 590 451 633 John
476 589 521 622 de
548 588 734 631 Norwico‚
754 589 853 622 vicar
870 588 912 622 of
935 589 1106 632 Marden,
1124 590 1195 624 and
1220 590 1379 624 Richard
1405 592 1450 625 de
1477 592 1647 634 Berham,
1665 594 1763 626 vicar
1781 593 1824 627 of

166 647 387 691 Aylesford.]

282 717 383 771 viij.
413 716 642 756 Kalendas
671 716 936 757 Novembris
959 730 1076 757 anno
1098 717 1265 758 domini
1287 718 1520 759 millesimo
1543 725 1681 760 ccc¹¹¹0.
1713 734 1819 774 qua-

166 785 417 839 dragesimo
447 785 566 838 apud
590 784 883 826 Trottesclive
912 785 1117 827 dominus
1148 786 1315 842 recepit
1347 788 1700 830 commissionem
1733 804 1819 843 que

166 853 385 907 sequitur:

276 923 501 978 Johannes
541 923 831 977 permissione
871 924 1019 965 divina
1062 923 1393 965 Cantuariensis
1446 925 1820 980 archiepiscopus,

166 992 306 1033 tocius
327 991 493 1046 Anglie
517 992 684 1046 primas
714 1002 758 1033 et
789 992 1031 1047 apostolice
1062 992 1178 1034 sedis
1209 992 1392 1047 legatus,
1425 994 1664 1035 venerabili
1696 995 1820 1036 fratri

167 1071 318 1101 nostro
340 1060 522 1101 domino
545 1061 601 1103 H.
617 1061 687 1102 dei
701 1061 852 1116 gracia
866 1062 1065 1103 Roffensi
1079 1061 1303 1116 episcopo,
1318 1062 1504 1103 salutem
1518 1073 1561 1103 et
1580 1064 1819 1105 fraternam

166 1129 209 1169 in
250 1129 432 1171 domino
471 1129 707 1171 caritatem.
772 1131 885 1172 Cum
925 1130 1093 1171 domini
1128 1131 1353 1186 Johannes
1395 1132 1452 1172 de
1492 1132 1716 1186 Norvvyco
1764 1133 1820 1173 de

167 1199 379 1239 Merdenn
402 1209 551 1240 nostre
571 1198 904 1240 Cantuariensis
924 1199 1111 1240 diocesis
1138 1210 1182 1241 et
1210 1200 1426 1241 Ricardus
1457 1201 1512 1242 de
1546 1201 1730 1241 Berham
1763 1202 1819 1241 de

166 1267 400 1321 Eylesford
420 1277 566 1309 vestre
588 1268 808 1309 Roffensis
828 1268 1015 1309 diocesis
1037 1268 1319 1309 ecclesiarum
1335 1269 1654 1323 parochialium
1669 1270 1819 1311 vicarii

165 1336 426 1387 desiderent,
448 1336 559 1377 sicut
580 1337 743 1388 dicunt,
766 1351 868 1377 suas
895 1337 1077 1378 vicarias
1105 1337 1327 1392 predictas
1358 1353 1417 1379 ex
1444 1338 1573 1379 certis
1605 1339 1748 1379 causis
1778 1349 1821 1379 et

164 1404 374 1459 legitimis
394 1405 637 1446 adinvicem
659 1406 868 1448 canonice
888 1417 1155 1460 permutare,
1177 1421 1312 1462 super
1333 1407 1696 1462 contingentibus
1718 1422 1817 1462 per-

165 1474 459 1515 mutacionem
476 1475 662 1515 eandem
684 1489 766 1529 per
789 1508 795 1515 .
821 1509 828 1516 .
848 1475 1081 1516 officialem
1101 1509 1107 1516 .
1129 1509 1136 1517 .
1154 1475 1448 1517 archidiaconi
1469 1477 1606 1517 nostri
1624 1476 1817 1518 Cantua-

165 1542 317 1583 riensis
338 1542 498 1596 inquiri
519 1543 703 1584 fecimus
725 1543 961 1598 diligenter
977 1553 1020 1585 et
1036 1544 1371 1598 inquisicionem
1388 1545 1432 1585 in
1451 1559 1502 1585 ea
1518 1555 1644 1600 parte
1662 1547 1818 1586 factam

165 1611 291 1653 vobis
322 1612 404 1652 sub
445 1623 598 1653 nostro
639 1612 785 1667 sigillo
826 1613 1035 1654 duximus
1078 1613 1472 1655 transmittendam.
1534 1615 1612 1654 Ad
1653 1614 1819 1655 exami-

165 1681 358 1721 nandum
394 1681 531 1736 igitur
564 1681 893 1722 discuciendum
935 1693 978 1723 et
1018 1684 1359 1737 approbandum
1401 1697 1555 1724 causas
1594 1693 1817 1737 permuta-

164 1748 302 1790 cionis
323 1750 531 1804 ejusdem,
554 1760 771 1804 quatenus
791 1752 848 1791 ad
872 1765 952 1792 nos
966 1751 1157 1805 pertinet
1172 1763 1215 1793 et
1232 1751 1396 1805 dejure
1410 1752 1542 1793 fuerit
1556 1753 1820 1804 faciendum,

165 1828 208 1859 et
229 1819 587 1860 auctorizandum
609 1820 817 1861 canonice
838 1820 1217 1874 permutacionem
1239 1821 1437 1872 eandem,
1458 1823 1491 1862 si
1509 1821 1651 1876 ipsam
1669 1823 1819 1862 decre-

164 1888 313 1929 veritis
336 1887 587 1937 faciendam,
621 1888 1065 1943 resignacionemque
1096 1889 1292 1943 predicte
1324 1890 1484 1931 vicarie
1514 1891 1570 1931 de
1601 1891 1817 1932 Merdenn

164 1971 223 1997 ex
245 1971 375 1997 causa
396 1957 743 2011 permutacionis
765 1957 1017 2011 hujusmodi
1038 1959 1357 2013 acceptandum
1380 1959 1422 1999 in
1445 1974 1547 2000 casu
1560 1973 1651 2013 quo
1668 1973 1819 2000 causas

162 2025 282 2079 ipsas
313 2025 529 2066 duxeritis
558 2027 810 2080 approbare
841 2037 885 2067 et
917 2028 1175 2067 canonicum
1208 2041 1295 2068 non
1328 2028 1526 2078 obsistat,
1562 2042 1612 2069 ac
1653 2028 1818 2068 dictum

166 2094 403 2135 Ricardum
425 2095 479 2135 ad
502 2095 641 2149 ipsam
664 2095 871 2136 vicariam
894 2096 949 2136 de
978 2096 1192 2137 Merdenn
1225 2111 1284 2137 ex
1313 2111 1442 2137 causa
1475 2097 1820 2151 permutacionis

165 2164 417 2218 hujusmodi
448 2163 767 2205 admittendum
800 2174 843 2206 et
874 2165 1087 2206 vicarium
1119 2175 1388 2220 perpetuum
1419 2181 1519 2207 cum
1550 2180 1684 2207 onere
1717 2167 1818 2207 resi-

165 2233 297 2273 dendi
335 2232 377 2272 in
415 2247 468 2274 ea
495 2233 628 2287 juxta
665 2234 850 2274 formam
886 2234 1254 2275 constitucionum
1297 2235 1475 2277 Ottonis
1515 2245 1558 2276 et
1601 2235 1817 2277 Ottoboni

163 2302 390 2355 quondam
412 2302 527 2342 sedis
546 2302 790 2356 apostolice
811 2303 854 2342 in
878 2302 1047 2357 Anglia
1067 2302 1317 2358 legatorum
1335 2305 1377 2344 in
1392 2319 1443 2345 ea
1459 2315 1584 2359 parte
1601 2305 1818 2346 editarum

164 2371 374 2411 canonice
404 2370 720 2412 instituendum
752 2371 795 2411 in
827 2372 988 2412 vicaria
1018 2373 1074 2413 de
1106 2373 1322 2414 Merdenn
1352 2373 1565 2428 predicta,
1606 2373 1820 2415 canonica

164 2440 421 2481 obediencia
454 2450 496 2480 et
523 2440 779 2481 induccione
813 2439 1010 2493 ejusdem
1047 2441 1225 2482 Ricardi
1259 2442 1302 2483 in
1338 2442 1613 2497 corporalem
1647 2457 1819 2497 posses-

164 2509 334 2550 sionem
356 2509 470 2550 dicte
495 2509 656 2551 vicarie
683 2510 810 2550 nobis
835 2510 1086 2564 specialiter
1111 2512 1358 2563 reservatis,
1382 2512 1641 2553 fraternitati
1672 2523 1817 2554 vestre

164 2578 478 2619 committimus
499 2578 614 2620 vices
637 2588 817 2619 nostras.
880 2579 936 2619 Et
956 2579 1062 2633 quid
1085 2580 1271 2622 feceritis
1291 2581 1335 2621 in
1357 2581 1584 2635 premissis
1605 2581 1819 2635 expedito

164 2647 352 2701 negocio
384 2646 634 2701 hujusmodi
665 2647 905 2688 certificare
935 2649 1097 2689 curetis
1128 2664 1210 2703 per
1239 2649 1386 2691 literas
1418 2660 1583 2692 vestras
1615 2660 1816 2704 patentes

166 2716 322 2756 harum
336 2717 494 2757 seriem
508 2717 795 2759 continentes
840 2718 1004 2758 Datum
1021 2719 1142 2772 apud
1158 2719 1449 2772 Maydenstan
1468 2719 1575 2773 xiiij.
1595 2719 1819 2760 Kalendas

166 2785 430 2826 Novembris
457 2799 574 2827 anno
598 2785 766 2826 domini
792 2785 1024 2827 millesimo
1056 2793 1191 2829 ccc¹¹¹0.
1222 2788 1564 2842 quadragesimo
1595 2797 1638 2828 et
1670 2798 1818 2829 nostre

165 2853 464 2895 translacionis
485 2855 688 2908 septimo.

281 2923 556 2964 Examinatis
577 2924 715 2979 igitur
736 2924 943 2965 discussis
964 2936 1007 2966 et
1028 2925 1288 2979 approbatis
1309 2925 1449 2966 causis
1476 2925 1820 2980 permutacionis

167 2991 361 3043 predicte
382 2993 624 3046 eademque
646 2993 975 3047 permutacione
998 3008 1080 3048 per
1101 2993 1245 3048 ipsum
1274 2994 1506 3035 dominum
1537 2994 1819 3045 auctorizata,

166 3060 633 3115 resignacionibusque
675 3061 892 3102 dictarum
922 3062 1182 3103 vicariarum
1214 3078 1272 3103 ex
1304 3063 1447 3104 causis
1476 3063 1820 3117 permutacionis

166 3128 416 3181 hujusmodi
439 3144 520 3183 per
542 3129 687 3184 ipsum
708 3130 959 3185 acceptatiS,
982 3131 1199 3184 prefatum
1229 3132 1457 3173 dominum
1484 3133 1733 3187 Johannem
1762 3133 1818 3172 ad
