1925 3451
99 219 195 251 ΑΛ).
231 202 375 266 1340]
667 203 898 266 Episcopi
928 203 1167 265 Roffensis
1669 211 1746 247 661

784 352 828 392 T
823 353 1073 408 onebregg’.

97 420 180 460 July
196 430 248 452 21.

214 486 466 527 Venerabili
500 486 544 527 in
577 485 756 528 Christo
792 486 918 541 patri,
953 487 1136 529 domino
1175 487 1233 528 H.
1267 487 1337 528 dei
1370 487 1518 542 gracie
1550 488 1749 530 Roffensi

99 554 325 609 episcopo,
342 569 447 596 suus
469 555 658 597 devotus
675 555 822 596 Adam
846 555 1132 609 Murimouth,
1155 556 1393 597 canonicus
1412 557 1751 608 Londoniensis,

100 623 394 665 reverenciam
417 633 459 664 et
481 623 694 665 honorem
716 624 888 665 debitos
911 634 1033 666 tanto
1054 624 1181 679 patri.
1233 624 1407 666 Literas
1428 625 1752 667 commissionis

99 703 243 733 vestre
265 691 540 746 paternitatis
565 693 737 733 decimo
765 693 903 734 tercio
931 693 1156 734 Kalendas
1184 693 1381 749 Augusti
1398 693 1411 717 ¹
1443 708 1560 735 anno
1581 695 1753 736 domini

99 760 375 815 infrascripto
398 761 480 801 sub
503 760 584 802 hac
604 762 746 802 forma
768 761 916 816 recepi
932 779 999 802 :—

98 858 180 897 July
200 867 249 896 15.

217 923 373 964 Frater
406 923 462 964 H.
491 923 779 978 permissione
810 923 959 965 divina
989 924 1213 965 Roffensis
1243 925 1481 980 episcopus
1513 926 1754 967 reverende

100 992 380 1034 discrecionis
403 992 498 1034 viro
519 993 736 1048 magistro
759 993 862 1033 Ade
885 992 1415 1046 Murymouth,canonico
1438 992 1756 1043 Londoniensi‚

101 1062 285 1103 salutem
315 1071 360 1102 et
390 1062 604 1102 sinceram
636 1061 679 1101 in
710 1060 893 1102 domino
924 1061 1163 1103 caritatem.
1226 1063 1339 1103 Cum
1371 1060 1518 1102 dilecti
1552 1063 1679 1103 nobis
1708 1063 1754 1103 in

102 1130 282 1172 Christo
313 1130 480 1172 domini
507 1130 729 1186 Johannes
755 1130 811 1170 de
842 1129 1067 1183 Beylham,
1100 1140 1244 1171 rector
1274 1129 1455 1171 ecclesie
1486 1131 1542 1170 de
1574 1131 1753 1172 Cheles-

101 1200 282 1250 worthe‚
306 1199 614 1253 Norwycensis
642 1199 842 1248 diocesis,
864 1209 906 1239 et
938 1198 1113 1240 Alanus
1137 1199 1192 1240 de
1220 1198 1490 1249 Lavenham,
1512 1211 1756 1254 perpetuus

102 1268 290 1310 vicarius
331 1267 509 1309 ecclesie
549 1268 606 1309 de
645 1268 957 1321 Tonebregge‚
993 1277 1143 1308 nostre
1183 1267 1385 1317 diocesis,
1422 1283 1502 1309 sua
1542 1269 1756 1309 beneficia

102 1337 233 1378 certis
258 1347 301 1378 et
332 1336 541 1391 legitimis
569 1351 629 1377 ex
660 1335 801 1378 causis
833 1335 970 1376 libere
1002 1336 1095 1377 sine
1130 1337 1284 1377 fraude
1317 1347 1359 1377 et
1395 1337 1614 1390 pravitate
1647 1352 1753 1391 qua-

103 1420 277 1460 cunque
308 1415 574 1460 proponant,
596 1406 709 1446 sicut
739 1415 952 1455 asserunt,
974 1404 1219 1446 adinvicem
1252 1405 1462 1446 canonice
1493 1417 1757 1460 permutare,

103 1476 210 1516 dum
243 1486 335 1516 tum
364 1488 604 1516 consensus
636 1485 680 1515 et
711 1474 946 1515 auctoritas
978 1473 1151 1514 illorum
1188 1488 1376 1528 quorum
1408 1474 1587 1516 interest
1623 1475 1754 1516 inter-

104 1544 281 1586 veniant
317 1544 359 1583 in
398 1544 478 1584 hac
508 1553 659 1598 parte;
701 1557 779 1583 nos
810 1543 940 1583 variis
971 1553 1016 1582 et
1048 1543 1195 1583 arduis
1226 1543 1422 1597 negociis
1457 1543 1758 1598 multipliciter

105 1612 317 1667 impediti,
339 1613 454 1654 dicte
476 1611 820 1666 permutacionis
840 1611 1124 1665 expedicioni
1145 1612 1200 1652 ad
1222 1626 1405 1666 presens
1427 1612 1650 1653 intendere
1668 1626 1756 1653 non

105 1682 313 1732 valentes,
342 1682 398 1721 ad
428 1681 710 1731 audiendum,
741 1680 1099 1730 examinandum,
1129 1690 1172 1721 et
1202 1680 1400 1734 plenarie
1428 1681 1757 1722 discuciendum

105 1765 260 1792 causas
281 1750 622 1805 permutacionis
643 1749 855 1803 predicte,
877 1759 921 1789 et
943 1749 985 1789 in
1014 1763 1067 1790 eo
1089 1760 1250 1791 eventu
1279 1763 1369 1802 quo
1397 1749 1515 1803 ipsas
1543 1751 1759 1791 duxeritis

105 1820 432 1875 approbandas,
464 1828 598 1873 prout
628 1819 683 1859 de
715 1818 882 1859 meritis
913 1817 1140 1871 cujusdam
1173 1818 1474 1871 inquisicionis
1505 1833 1585 1872 per
1616 1819 1757 1860 archi-

107 1889 342 1930 diaconum
379 1889 633 1928 Roffensem
670 1887 727 1927 ad
764 1887 1020 1928 mandatum
1058 1898 1256 1928 nostrum
1292 1887 1335 1927 in
1366 1887 1448 1928 hac
1480 1899 1604 1941 parte
1635 1889 1761 1941 facte,

108 1972 239 2012 quam
261 1958 343 1998 sub
364 1956 510 2011 sigillo
532 1965 684 1997 nostro
705 1956 829 1997 vobis
852 1955 1187 1996 transmittimus
1210 1955 1435 2006 inclusam,
1452 1956 1619 2010 liquere
1636 1957 1759 1999 vide-

108 2027 250 2077 bitur;
281 2027 336 2066 ad
358 2026 677 2067 admittendum
698 2025 864 2065 dictum
886 2024 1114 2065 dominum
1131 2024 1379 2080 Johannem
1401 2025 1457 2065 ad
1478 2026 1680 2066 vicariam
1704 2027 1759 2067 de

108 2097 161 2137 T.
205 2104 505 2145 memoratam,
551 2094 784 2148 ipsumque
833 2108 892 2134 ex
938 2107 1070 2134 causa
1114 2093 1460 2148 permutacionis
1508 2094 1759 2148 hujusmodi

109 2164 320 2207 vicarium
360 2174 627 2218 perpetuum
668 2163 985 2203 instituendum
1032 2162 1243 2204 canonice
1289 2162 1332 2203 in
1373 2164 1540 2213 eadem,
1582 2174 1760 2217 recepta

110 2233 313 2288 primitus
344 2232 646 2286 resignacione
677 2231 782 2273 dicti
814 2231 980 2273 domini
1011 2231 1066 2272 A.
1090 2232 1145 2272 de
1173 2232 1222 2272 L.
1253 2232 1307 2272 de
1335 2231 1495 2272 vicaria
1519 2246 1597 2272 sua
1622 2233 1677 2272 de
1705 2233 1760 2273 T.

111 2302 319 2356 predicta,
351 2311 582 2355 ceteraque
613 2301 762 2341 omnia
793 2312 836 2341 et
868 2299 1043 2355 singula
1073 2300 1323 2341 faciendum
1355 2310 1398 2341 et
1432 2301 1760 2354 expediendum

112 2385 200 2425 que
242 2370 285 2410 in
329 2370 581 2424 hujusmodi
622 2369 967 2423 permutacionis
1005 2369 1193 2423 negocio
1228 2369 1472 2410 necessaria
1502 2369 1661 2409 fuerint
1692 2369 1761 2411 vel

111 2449 345 2495 oportuna,
378 2438 534 2493 prefati
565 2438 734 2479 domini
761 2437 976 2493 Johannis
1007 2437 1266 2480 obediencia
1296 2438 1505 2478 canonica
1536 2448 1580 2478 et
1611 2438 1760 2479 induc-

112 2509 237 2551 cione
266 2508 310 2548 in
339 2507 613 2562 corporalem
640 2507 965 2561 possessionem
996 2506 1157 2547 vicarie
1188 2506 1368 2547 ecclesie
1399 2507 1453 2547 de
1485 2507 1539 2548 T.
1563 2507 1761 2561 predicte

115 2577 241 2619 nobis
263 2577 508 2631 specialiter
536 2576 781 2625 reservatis,
803 2575 930 2616 vobis
960 2585 1114 2616 tenore
1141 2575 1417 2630 presencium
1448 2575 1762 2617 committimus

113 2647 230 2688 vices
278 2656 461 2695 nostras,
504 2655 712 2699 rogantes
757 2643 964 2697 quatinus
1009 2643 1222 2697 expedito
1263 2643 1380 2683 dicte
1420 2644 1763 2697 permutacionis

116 2714 302 2769 negocio
326 2727 406 2754 nos
427 2714 482 2753 de
501 2723 596 2754 toto
618 2727 829 2767 processu
850 2723 997 2754 vestro
1019 2712 1061 2752 in
1084 2712 1165 2753 hac
1186 2722 1311 2766 parte
1333 2711 1538 2752 habendo
1560 2711 1762 2753 distincte

115 2794 158 2824 et
180 2793 332 2837 aperte
352 2781 493 2824 velitis
515 2782 756 2823 certificare
779 2795 858 2835 per
879 2780 1027 2821 literas
1043 2791 1206 2822 vestras
1224 2791 1423 2833 patentes
1436 2780 1591 2820 harum
1606 2781 1761 2822 seriem

115 2852 391 2893 continentes
425 2850 570 2905 sigillo
599 2851 821 2891 autentico
853 2850 1144 2903 consignatas.
1208 2850 1371 2888 Datum
1401 2849 1522 2902 apud
1556 2849 1762 2905 Hallyng'

118 2920 267 2961 Idibus
284 2920 388 2975 Julii
409 2933 526 2960 anno
547 2919 713 2960 domini
736 2918 968 2959 millesimo
989 2924 1121 2959 cccf¹¹⁰.
1144 2916 1253 2958 xlm.

233 2990 431 3042 Quarum
454 2988 711 3029 auctoritate
733 2987 955 3028 literarum
976 2987 1032 3026 de
1052 2986 1194 3027 causis
1210 2986 1550 3040 permutacionis
1566 2988 1763 3041 predicte

117 3074 216 3099 cum
239 3057 474 3112 diligencia
495 3056 713 3110 inquisivi,
731 3066 774 3097 et
796 3056 897 3109 quia
919 3070 991 3096 eas
1014 3069 1113 3096 meo
1127 3055 1295 3109 judicio
1317 3055 1583 3096 sufficientes
1604 3056 1763 3108 inveni,

816 3169 825 3187 ¹
851 3170 931 3209 July
949 3180 1000 3200 20.
