1925 3451
149 185 228 223 682
689 179 974 240 Registrum
1010 175 1261 222 Hamom's
1531 172 1650 237 [A.D.
1674 189 1690 219 1
1705 188 1794 231 342

150 324 195 355 et
245 313 496 363 innovandi,
538 311 909 367 provocacionum
950 318 994 349 et
1039 306 1398 363 appellacionum
1444 320 1596 347 causas
1648 318 1797 359 prose-

150 383 328 437 quendi,
378 397 403 422 a
458 381 813 435 quibuscumque
870 377 1224 431 suspensionum,
1272 374 1800 422 excommunicacionum,

150 462 192 491 et
226 450 443 491 interdicti
483 443 716 490 sentenciis
748 446 1092 494 absolucionem,
1133 444 1471 494 relaxacionem,
1511 457 1589 484 seu
1629 456 1802 484 revoca-

151 519 335 568 cionem,
358 533 408 558 ac
438 528 576 558 status
602 516 740 557 nostri
766 513 1130 555 reformacionem
1151 523 1194 553 et
1215 512 1436 567 integrum
1458 511 1801 560 restitucionem,

150 589 445 641 dampnorum
476 584 818 632 estimacionem,
850 596 1083 636 expensas,
1121 592 1165 621 et
1197 581 1403 622 interesse
1439 580 1618 635 petendi
1653 590 1698 620 et
1734 594 1801 620 re-

152 655 356 710 cipiendi,
388 668 695 708 quoscumque
732 651 955 693 debitores
990 660 1165 691 nostros
1201 660 1247 691 ut
1282 649 1408 691 nobis
1444 650 1499 690 de
1535 648 1694 690 debitis
1729 661 1805 689 eos

151 724 508 779 contingentibus
529 735 727 775 congrue
747 720 1023 769 satisfaciant,
1051 733 1102 760 ac
1128 728 1264 759 testes
1289 718 1415 759 nobis
1442 717 1710 759 necessarios
1737 716 1808 758 vel

152 792 277 834 utiles
320 802 366 832 ut
398 790 571 832 veritati
612 789 912 830 testimonium
954 787 1215 841 perhibeant
1257 786 1522 840 requirendi,
1563 795 1606 827 et
1641 785 1807 826 eisdem

152 861 333 903 testibus
365 875 416 900 ac
454 873 608 899 eorum
640 857 816 899 cuilibet
846 857 1004 898 viatica
1034 856 1250 910 legittime
1281 856 1498 896 offerendi
1525 865 1568 896 et
1595 854 1807 904 solvendi,

151 930 285 970 alium
316 937 651 982 procuratorem
683 926 782 967 loco
813 925 880 966 sui
912 935 954 966 et
987 939 1141 967 eorum
1173 924 1407 979 cujuslibet
1437 924 1481 964 in
1509 923 1733 978 premissis
1764 933 1808 963 et

152 998 350 1053 quolibet
380 996 695 1051 premissorum
726 994 1034 1045 substituendi,
1064 1004 1108 1034 et
1140 994 1332 1035 eundem
1364 993 1652 1034 substitutum
1683 1005 1809 1033 revo-

152 1067 290 1117 candi,
323 1064 717 1120 procuratorisque
750 1064 944 1105 officium
976 1062 1278 1104 reassumendi
1310 1062 1524 1116 quociens
1553 1072 1596 1102 et
1629 1060 1810 1115 quando

153 1136 234 1178 sibi
257 1145 299 1176 et
320 1149 474 1176 eorum
496 1134 675 1174 cuilibet
700 1133 922 1175 videbitur
942 1132 1183 1186 expedire:
1216 1131 1527 1172 consenciendi
1557 1131 1737 1184 insuper
1763 1139 1811 1170 ut

152 1203 589 1257 omissocujuslibet
623 1201 939 1256 appellacionis
974 1200 1157 1242 articulo
1194 1200 1237 1240 in
1271 1200 1469 1255 negociis
1496 1199 1812 1253 principalibus

154 1288 241 1328 que
272 1288 332 1313 ex
363 1271 728 1326 suggestionibus
758 1285 784 1311 a
816 1270 936 1311 curia
968 1269 1277 1312 Cantuariensi
1308 1283 1392 1323 pro
1419 1269 1546 1310 nobis
1571 1268 1640 1310 vel
1661 1278 1812 1309 contra

155 1342 399 1396 impetratis
419 1340 488 1383 vel
510 1340 800 1394 impetrandis
821 1340 876 1380 de
894 1339 995 1393 jure
1027 1339 1126 1380 elici
1155 1348 1370 1393 poterunt
1398 1337 1468 1380 vel
1498 1337 1738 1387 debebunt,
1769 1336 1811 1376 in

154 1412 269 1452 dicta
300 1410 420 1451 curia
450 1410 733 1464 procedatur,
756 1418 800 1450 et
832 1409 876 1449 in
908 1408 1074 1449 eisdem
1106 1407 1393 1462 procedendi,
1414 1422 1465 1448 ac
1491 1406 1640 1447 omnia
1664 1405 1750 1446 alia
1770 1413 1814 1445 et

154 1480 327 1535 singula
350 1479 535 1520 faciendi
557 1489 601 1519 et
623 1478 891 1532 expediendi
913 1492 1001 1532 que
1022 1492 1104 1532 per
1117 1491 1269 1518 verum
1286 1487 1329 1517 et
1342 1476 1588 1531 legitimum
1602 1488 1812 1529 procura-

155 1560 299 1591 torem
339 1548 434 1589 fieri
476 1558 687 1602 poterunt
728 1558 772 1587 et
813 1547 1032 1601 expediri,
1069 1545 1209 1587 eciam
1250 1546 1286 1586 si
1331 1545 1586 1585 mandatum
1630 1543 1816 1597 exigant

156 1617 347 1673 speciale
365 1633 374 1659 ε
405 1631 489 1671 pro
505 1616 671 1657 eisdem
688 1630 795 1658 vero
812 1615 1176 1670 procuratoribus
1195 1615 1356 1655 nostris
1370 1625 1412 1655 et
1426 1629 1579 1656 eorum
1601 1612 1815 1667 quolibet,

158 1701 327 1728 necnon
357 1685 594 1727 substituto
625 1696 667 1726 et
700 1685 1010 1726 substituendo
1041 1699 1324 1738 quocumque
1345 1684 1400 1724 ab
1429 1683 1535 1737 ipsis
1556 1693 1599 1723 et
1621 1681 1818 1736 quolibet

157 1757 412 1803 eorundem,
436 1770 526 1795 rem
551 1765 690 1795 ratam
713 1754 863 1795 haberi
886 1764 929 1794 et
947 1753 1191 1807 judicatum
1214 1753 1324 1794 solvi
1348 1753 1430 1793 sub
1452 1762 1641 1806 ypoteca
1669 1764 1816 1791 rerum

159 1835 405 1865 nostrarum
437 1823 737 1877 promittimus
769 1833 811 1863 et
842 1822 1111 1876 exponimus
1139 1821 1394 1863 cauciones:
1429 1835 1517 1862 non
1539 1820 1819 1861 intendentes

157 1894 338 1947 aliquod
380 1893 634 1933 mandatum
675 1892 936 1945 cuicumque
968 1891 1247 1945 procuratori
1285 1900 1434 1932 nostro
1467 1904 1548 1943 per
1578 1902 1659 1929 nos
1695 1887 1819 1942 prius

158 1964 322 2004 factum
358 1976 435 2002 seu
477 1974 735 2001 concessum
777 1975 857 2014 per
899 1974 1084 2014 presens
1124 1959 1382 2000 mandatum
1418 1972 1628 2000 revocare
1661 1956 1821 2011 quovis

159 2031 305 2072 modo.
370 2031 419 2070 In
456 2029 579 2082 cujus
617 2029 680 2069 rei
714 2028 1013 2070 testimonium
1047 2027 1243 2082 sigillum
1279 2038 1479 2069 nostrum
1520 2026 1702 2068 fecimus
1737 2025 1820 2066 hiis

158 2100 339 2154 apponi.
422 2099 536 2139 Date
583 2098 704 2153 apud
751 2097 1047 2139 Trottesclive
1087 2096 1161 2151 vj0.
1205 2097 1309 2137 Idus
1350 2095 1456 2136 Maii
1496 2109 1613 2137 anno
1653 2093 1820 2136 domini

163 2168 398 2209 millesimo
420 2173 524 2208 ccc0.
548 2166 658 2220 xlij⁴>‘.

883 2327 1100 2367 Isellcam.

165 2397 253 2435 June
271 2407 322 2428 21.

261 2451 491 2496 [Institution
514 2450 556 2483 of
575 2450 671 2495 John
691 2450 737 2483 de
759 2449 991 2494 Erpyngham
1010 2455 1049 2482 to
1070 2449 1182 2482 Little
1205 2449 1362 2482 Isleham
1383 2449 1421 2483 P.
1444 2449 1486 2483 C.
1508 2459 1555 2481 on
1573 2448 1635 2481 the
1656 2447 1765 2481 death
1784 2447 1825 2481 of

168 2510 313 2543 XValter
331 2510 375 2543 de
396 2508 587 2552 Eustone.]

282 2577 362 2631 ΧΓ).
388 2577 614 2618 Kalendas
632 2576 736 2632 Julii
758 2589 876 2616 anno
894 2575 1062 2616 domini
1080 2574 1314 2615 millesimo
1331 2581 1467 2616 eccum.
1484 2574 1824 2629 quadragesimo

167 2648 363 2687 secundo
406 2647 447 2686 in
491 2645 662 2699 capella
703 2646 758 2685 de
800 2644 1094 2685 Trottesclive
1139 2643 1344 2684 dominus
1383 2643 1556 2684 admisit
1596 2642 1823 2683 dominum

163 2715 410 2770 Johannem
432 2715 487 2755 (le
511 2714 821 2768 Erpyngham‚
843 2712 1135 2766 capellanum,
1157 2713 1214 2752 ad
1242 2723 1503 2766 perpetuam
1532 2711 1746 2766 capellam
1770 2711 1825 2752 de

168 2798 305 2837 parva
334 2784 521 2823 lselham
547 2797 625 2823 sue
648 2781 975 2836 jurisdiccionis
1004 2781 1267 2830 immediate,
1289 2791 1516 2822 vacantem
1538 2795 1618 2835 per
1639 2790 1826 2821 mortem

170 2852 335 2892 domini
359 2851 539 2892 Walteri
563 2852 617 2891 de
641 2851 853 2900 Eustone‚
876 2850 1017 2890 ultimi
1040 2850 1255 2904 capellani
1282 2849 1493 2903 ejusdem,
1515 2849 1570 2889 ad
1592 2863 1724 2902 quam
1747 2862 1827 2903 per

172 2920 407 2960 Martinum
439 2920 649 2970 Bernard,
672 2933 822 2960 verum
852 2918 1049 2959 eiusdem
1081 2918 1250 2972 capelle
1282 2929 1534 2972 patronum,
1556 2917 1702 2958 extitit
1724 2931 1824 2971 pre-

172 2998 380 3038 sentatus,
416 2999 460 3029 et
497 2988 642 3041 ipsum
685 2987 915 3028 dominum
951 2986 1203 3041 Johannem
1239 2986 1516 3041 capellanum
1557 2996 1825 3040 perpetuum

172 3055 359 3096 instituit
381 3057 423 3096 in
446 3057 612 3097 eadem.
665 3057 721 3097 Et
738 3055 900 3110 juravit
917 3055 1033 3095 idem
1051 3055 1256 3096 dominus
1273 3054 1502 3110 Johannes
1522 3054 1826 3095 obedienciam

174 3123 217 3163 in
240 3125 381 3165 forma
403 3134 624 3165 consueta.
